[
  {"category": "Frukt", "category_list": ["Alle varer", "Frukt og gr\u00f8nt", "Frukt"], "title": "Lime Ekstra Store", "price": 12.9, "product_variant": "Brasil, 2 stk", "quantity_info": [[2.0, "stk"]], "image_url": "/media/uploads/public/299/181/712581-58410-product_list.jpg", "unit_price_raw": "kr 67,89 per kg", "product_url": "https://kolonial.no/produkter/27622-lime-brasil/", "kolonial_id": "27622"},
  {"category": "Frossen frukt og gr\u00f8nt", "category_list": ["Alle varer", "Frukt og gr\u00f8nt", "Frossen frukt og gr\u00f8nt"], "title": "Pommes Strips", "price": 20.8, "product_variant": "600 g", "quantity_info": [[600.0, "g"]], "image_url": "/media/uploads/public/252/100/1004100-c142a-product_list.jpg", "unit_price_raw": "kr 34,67 per kg", "product_url": "https://kolonial.no/produkter/8278-rema-1000-pommesfrites-600g/", "kolonial_id": "8278"},
  {"category": "Frukt", "category_list": ["Alle varer", "Frukt og gr\u00f8nt", "Frukt"], "title": "Fruktkurv", "price": 173.5, "product_variant": "Miks av frukt, 4 kg", "quantity_info": [[4.0, "kg"]], "image_url": "/media/uploads/public/364/284/639484-4d8a4-product_list.jpg", "unit_price_raw": "kr 43,38 per kg", "product_url": "https://kolonial.no/produkter/26952-fruktkurv-ca-4-kg-miks-av-frukt/", "kolonial_id": "26952"},
  {"category": "Frukt", "category_list": ["Alle varer", "Frukt og gr\u00f8nt", "Frukt"], "title": "Ekstra Saftige Klementiner", "price": 32.9, "product_variant": "Med Blader, Spania, 800 g", "quantity_info": [[800.0, "g"]], "image_url": "/media/uploads/public/96/367/645567-2fc4f-product_list.jpg", "unit_price_raw": "kr 41,13 per kg", "product_url": "https://kolonial.no/produkter/27046-klementiner-med-blader-ekstra-saftige-ca-spania/", "kolonial_id": "27046"},
  {"category": "Frossen frukt og gr\u00f8nt", "category_list": ["Alle varer", "Frukt og gr\u00f8nt", "Frossen frukt og gr\u00f8nt"], "title": "Opph\u00f8gde Poteter med Grillkrydder", "price": 34.8, "product_variant": "0,45 kg", "quantity_info": [[0.45, "kg"]], "image_url": "/media/uploads/public/183/81/969681-1408b-product_list.jpg", "unit_price_raw": "kr 77,33 per kg", "product_url": "https://kolonial.no/produkter/18958-hoff-opphogde-poteter-med-grillkrydder/", "kolonial_id": "18958"},
  {"category": "Frossen frukt og gr\u00f8nt", "category_list": ["Alle varer", "Frukt og gr\u00f8nt", "Frossen frukt og gr\u00f8nt"], "title": "Potetb\u00e5ter Express", "price": 19.9, "product_variant": "600 g", "quantity_info": [[600.0, "g"]], "image_url": "/media/uploads/public/169/249/156649-cfdc3-product_list.jpg", "unit_price_raw": "kr 33,17 per kg", "product_url": "https://kolonial.no/produkter/8909-rema-1000-potetbater-express-600g/", "kolonial_id": "8909"},
  {"category": "Frukt", "category_list": ["Alle varer", "Frukt og gr\u00f8nt", "Frukt"], "title": "Klementiner 1 kg", "price": 36.9, "product_variant": "Premium Spania, 1 kg", "quantity_info": [[1.0, "kg"]], "image_url": "/media/uploads/public/370/368/645568-b2dcb-product_list.jpg", "unit_price_raw": "kr 36,90 per kg", "product_url": "https://kolonial.no/produkter/27045-klementiner-1-kg-spania/", "kolonial_id": "27045"},
  {"category": "Frukt", "category_list": ["Alle varer", "Frukt og gr\u00f8nt", "Frukt"], "title": "Persimon", "price": 23.9, "product_variant": "Spania, 3 stk", "quantity_info": [[3.0, "stk"]], "image_url": "/media/uploads/public/3/111/641711-e4491-product_list.jpg", "unit_price_raw": "kr 23,90 per kg", "product_url": "https://kolonial.no/produkter/27015-persimon-spania/", "kolonial_id": "27015"},
  {"category": "Frossen frukt og gr\u00f8nt", "category_list": ["Alle varer", "Frukt og gr\u00f8nt", "Frossen frukt og gr\u00f8nt"], "title": "Pommesfrites", "price": 24.9, "product_variant": "1,2 kg", "quantity_info": [[1.2, "kg"]], "image_url": "/media/uploads/public/290/10/970010-e2b1d-product_list.jpg", "unit_price_raw": "kr 20,75 per kg", "product_url": "https://kolonial.no/produkter/8284-rema-1000-pommesfrites-12kg/", "kolonial_id": "8284"},
  {"category": "Frukt", "category_list": ["Alle varer", "Frukt og gr\u00f8nt", "Frukt"], "title": "Mango Stor", "price": 25.9, "product_variant": "Spisemoden, Brasil, 1 stk", "quantity_info": [[1.0, "stk"]], "image_url": "/media/uploads/public/132/24/643224-f617a-product_list.jpg", "unit_price_raw": "kr 61,67 per kg", "product_url": "https://kolonial.no/produkter/18964-mango-stor-spisemoden-brasil/", "kolonial_id": "18964"},
  {"category": "Frossen frukt og gr\u00f8nt", "category_list": ["Alle varer", "Frukt og gr\u00f8nt", "Frossen frukt og gr\u00f8nt"], "title": "Jordb\u00e6r", "price": 23.8, "product_variant": "Kina, 400 g", "quantity_info": [[400.0, "g"]], "image_url": "/media/uploads/public/51/78/971678-1b724-product_list.jpg", "unit_price_raw": "kr 59,50 per kg", "product_url": "https://kolonial.no/produkter/8426-rema-1000-jordbaer-400g/", "kolonial_id": "8426"},
  {"category": "Hermetisert frukt og gr\u00f8nt", "category_list": ["Alle varer", "Frukt og gr\u00f8nt", "Hermetisert frukt og gr\u00f8nt"], "title": "Petti Grovhakkede Tomater", "price": 14.9, "product_variant": "400 g", "quantity_info": [[400.0, "g"]], "image_url": "/media/uploads/public/121/212/660212-673c3-product_list.jpg", "unit_price_raw": "kr 37,25 per kg", "product_url": "https://kolonial.no/produkter/27147-petti-petti-grovhakkede-tomater/", "kolonial_id": "27147"},
  {"category": "Urter og spirer", "category_list": ["Alle varer", "Frukt og gr\u00f8nt", "Urter og spirer"], "title": "Gr\u00f8nn Basilikum Gourmet", "price": 16.9, "product_variant": "Frisk i Pose, Etiopia, 20 g", "quantity_info": [[20.0, "g"]], "image_url": "/media/uploads/public/0/131/42931-ea073-product_list.jpg", "unit_price_raw": "kr 845,00 per kg", "product_url": "https://kolonial.no/produkter/15157-gronn-basilikum-gourmet-frisk-i-pose/", "kolonial_id": "15157"},
  {"category": "Fr\u00f8, n\u00f8tter og t\u00f8rket frukt", "category_list": ["Alle varer", "Frukt og gr\u00f8nt", "Fr\u00f8, n\u00f8tter og t\u00f8rket frukt"], "title": "Sesamfr\u00f8", "price": 24.6, "product_variant": "\u00d8kologisk, 350 g", "quantity_info": [[350.0, "g"]], "image_url": "/media/uploads/public/54/245/641045-4e8fc-product_list.jpg", "unit_price_raw": "kr 70,29 per kg", "product_url": "https://kolonial.no/produkter/26993-kolonihagen-sesamfro-okologisk/", "kolonial_id": "26993"},
  {"category": "Poteter", "category_list": ["Alle varer", "Frukt og gr\u00f8nt", "Poteter"], "title": "Nypoteter Folva", "price": 30.9, "product_variant": "Norge, 1 kg", "quantity_info": [[1.0, "kg"]], "image_url": "/media/uploads/public/205/173/509773-4053b-product_list.jpg", "unit_price_raw": "kr 30,90 per kg", "product_url": "https://kolonial.no/produkter/26276-nypoteter-folva-norge/", "kolonial_id": "26276"},
  {"category": "Salater og k\u00e5l", "category_list": ["Alle varer", "Frukt og gr\u00f8nt", "Salater og k\u00e5l"], "title": "Batavia Gr\u00f8nn", "price": 30.9, "product_variant": "Norge, 1 stk", "quantity_info": [[1.0, "stk"]], "image_url": "/media/uploads/public/144/118/507718-7d652-product_list.jpg", "unit_price_raw": "kr 93,64 per kg", "product_url": "https://kolonial.no/produkter/26243-batavia-gronn-norge/", "kolonial_id": "26243"},
  {"category": "Ferdigkuttet frukt og gr\u00f8nt", "category_list": ["Alle varer", "Frukt og gr\u00f8nt", "Ferdigkuttet frukt og gr\u00f8nt"], "title": "Aspargesbrokkoli Topper", "price": 30.9, "product_variant": "Kenya, 150 g", "quantity_info": [[150.0, "g"]], "image_url": "/media/uploads/public/0/200/104200-2e129-product_list.jpg", "unit_price_raw": "kr 206,00 per kg", "product_url": "https://kolonial.no/produkter/22477-aspargesbrokkoli-topper/", "kolonial_id": "22477"},
  {"category": "Ferdig kuttede salater", "category_list": ["Alle varer", "Frukt og gr\u00f8nt", "Ferdig kuttede salater"], "title": "Babyleafmiks", "price": 36.9, "product_variant": "Vasket, Norge, 175 g", "quantity_info": [[175.0, "g"]], "image_url": "/media/uploads/public/239/86/720486-24d27-product_list.jpg", "unit_price_raw": "kr 210,86 per kg", "product_url": "https://kolonial.no/produkter/27699-babyleafmiks-vasket-tyskland/", "kolonial_id": "27699"},
  {"category": "Gr\u00f8nnsaker", "category_list": ["Alle varer", "Frukt og gr\u00f8nt", "Gr\u00f8nnsaker"], "title": "Miniagurk", "product_variant": "Beger, Norsk, 125 g", "discounted_price": 21.24, "undiscounted_price": 25.9, "quantity_info": [[125.0, "g"]], "discount_raw": "-18%", "image_url": "/media/uploads/public/193/206/374606-30c33-product_list.jpg", "unit_price_raw": "kr 169,92 per kg", "product_url": "https://kolonial.no/produkter/26101-sma-snack-agurk-i-beger-norsk/", "kolonial_id": "26101", "price": 21.24},
  {"category": "B\u00e6r", "category_list": ["Alle varer", "Frukt og gr\u00f8nt", "B\u00e6r"], "title": "Bl\u00e5b\u00e6r", "price": 19.9, "product_variant": "Kurv, Peru, 125 g", "quantity_info": [[125.0, "g"]], "image_url": "/media/uploads/public/0/141/11741-35a85-product_list.jpg", "unit_price_raw": "kr 159,20 per kg", "product_url": "https://kolonial.no/produkter/9269-blabaer-kurv-peru/", "kolonial_id": "9269"},
  {"category": "Frukt", "category_list": ["Alle varer", "Frukt og gr\u00f8nt", "Frukt"], "title": "Banan", "price": 6.3, "product_variant": "Colombia, 1 stk", "quantity_info": [[1.0, "stk"]], "image_url": "/media/uploads/public/0/218/12218-8919f-product_list.jpg", "unit_price_raw": "kr 25,20 per kg", "product_url": "https://kolonial.no/produkter/9329-banan-1-stk-colombia/", "kolonial_id": "9329"},
  {"category": "Frossen frukt og gr\u00f8nt", "category_list": ["Alle varer", "Frukt og gr\u00f8nt", "Frossen frukt og gr\u00f8nt"], "title": "Bringeb\u00e6r", "price": 23.3, "product_variant": "400 g", "quantity_info": [[400.0, "g"]], "image_url": "/media/uploads/public/40/140/971340-2f1bc-product_list.jpg", "unit_price_raw": "kr 58,25 per kg", "product_url": "https://kolonial.no/produkter/8430-rema-1000-bringebaer-400g/", "kolonial_id": "8430"},
  {"category": "Frossen frukt og gr\u00f8nt", "category_list": ["Alle varer", "Frukt og gr\u00f8nt", "Frossen frukt og gr\u00f8nt"], "title": "Skogsb\u00e6rblanding", "price": 23.8, "product_variant": "400 g", "quantity_info": [[400.0, "g"]], "image_url": "/media/uploads/public/92/386/970786-4b879-product_list.jpg", "unit_price_raw": "kr 59,50 per kg", "product_url": "https://kolonial.no/produkter/8428-rema-1000-skogsbaerblanding-400g/", "kolonial_id": "8428"},
  {"category": "Hermetisert frukt og gr\u00f8nt", "category_list": ["Alle varer", "Frukt og gr\u00f8nt", "Hermetisert frukt og gr\u00f8nt"], "title": "Finhakkede Tomater", "price": 39.4, "product_variant": "3 x 400g, 1200 g", "quantity_info": [[3.0, "x"], [400.0, "g"], [1200.0, "g"]], "image_url": "/media/uploads/public/0/61/98461-b53a9-product_list.jpg", "unit_price_raw": "kr 32,83 per kg", "product_url": "https://kolonial.no/produkter/22219-petti-finhakkede-tomater-3-x-400g/", "kolonial_id": "22219"},
  {"category": "Urter og spirer", "category_list": ["Alle varer", "Frukt og gr\u00f8nt", "Urter og spirer"], "title": "Koriander Gourmet", "price": 24.4, "product_variant": "Frisk i Pose, Etiopia, 20 g", "quantity_info": [[20.0, "g"]], "image_url": "/media/uploads/public/0/323/3523-483b5-product_list.jpg", "unit_price_raw": "kr 1220,00 per kg", "product_url": "https://kolonial.no/produkter/15163-koriander-gourmet-frisk-i-pose/", "kolonial_id": "15163"},
  {"category": "Urter og spirer", "category_list": ["Alle varer", "Frukt og gr\u00f8nt", "Urter og spirer"], "title": "Kruspersille Gourmet", "price": 24.4, "product_variant": "Frisk i Pose, Etiopia, 20 g", "quantity_info": [[20.0, "g"]], "image_url": "/media/uploads/public/0/326/3526-d6250-product_list.jpg", "unit_price_raw": "kr 1220,00 per kg", "product_url": "https://kolonial.no/produkter/15160-kruspersille-gourmet-frisk-i-pose/", "kolonial_id": "15160"},
  {"category": "Fr\u00f8, n\u00f8tter og t\u00f8rket frukt", "category_list": ["Alle varer", "Frukt og gr\u00f8nt", "Fr\u00f8, n\u00f8tter og t\u00f8rket frukt"], "title": "Gresskarkjerner", "price": 32.6, "product_variant": "\u00d8kologisk, 300 g", "quantity_info": [[300.0, "g"]], "image_url": "/media/uploads/public/247/0/972800-1767a-product_list.jpg", "unit_price_raw": "kr 32,60 per stk", "product_url": "https://kolonial.no/produkter/26760-rema-1000-gresskarkjerner-okologisk/", "kolonial_id": "26760"},
  {"category": "Poteter", "category_list": ["Alle varer", "Frukt og gr\u00f8nt", "Poteter"], "title": "Nypoteter Folva", "price": 60.9, "product_variant": "Norge, 2,5 kg", "quantity_info": [[2.5, "kg"]], "image_url": "/media/uploads/public/30/27/513227-2e70a-product_list.jpg", "unit_price_raw": "kr 24,36 per kg", "product_url": "https://kolonial.no/produkter/26309-nypoteter-folva-norge/", "kolonial_id": "26309"},
  {"category": "Poteter", "category_list": ["Alle varer", "Frukt og gr\u00f8nt", "Poteter"], "title": "Mandelpotet", "price": 22.9, "product_variant": "Norge, 1 kg", "quantity_info": [[1.0, "kg"]], "image_url": "/media/uploads/public/185/370/560770-f27f5-product_list.jpg", "unit_price_raw": "kr 22,90 per kg", "product_url": "https://kolonial.no/produkter/26409-mandelpotet-norge/", "kolonial_id": "26409"},
  {"category": "Salater og k\u00e5l", "category_list": ["Alle varer", "Frukt og gr\u00f8nt", "Salater og k\u00e5l"], "title": "Salatblanding Premium", "price": 26.4, "product_variant": "Spania/ Italia, 100 g", "quantity_info": [[100.0, "g"]], "image_url": "/media/uploads/public/116/84/552084-cf9ac-product_list.jpg", "unit_price_raw": "kr 264,00 per kg", "product_url": "https://kolonial.no/produkter/26250-salatblanding-premium-italia/", "kolonial_id": "26250"},
  {"category": "Ferdigkuttet frukt og gr\u00f8nt", "category_list": ["Alle varer", "Frukt og gr\u00f8nt", "Ferdigkuttet frukt og gr\u00f8nt"], "title": "Blomk\u00e5lbuketter", "price": 24.9, "product_variant": "Vasket, Norge, 150 g", "quantity_info": [[150.0, "g"]], "image_url": "/media/uploads/public/346/85/720485-8bb2f-product_list.jpg", "unit_price_raw": "kr 166,00 per kg", "product_url": "https://kolonial.no/produkter/27698-blomkalbuketter-vasket-tyskland/", "kolonial_id": "27698"},
  {"category": "Ferdig kuttede salater", "category_list": ["Alle varer", "Frukt og gr\u00f8nt", "Ferdig kuttede salater"], "title": "Gourmetsalat", "price": 34.9, "product_variant": "Vasket, Norge, 200 g", "quantity_info": [[200.0, "g"]], "image_url": "/media/uploads/public/231/100/720500-41272-product_list.jpg", "unit_price_raw": "kr 174,50 per kg", "product_url": "https://kolonial.no/produkter/27703-gourmetsalat-vasket-tyskland/", "kolonial_id": "27703"},
  {"category": "Gr\u00f8nnsaker", "category_list": ["Alle varer", "Frukt og gr\u00f8nt", "Gr\u00f8nnsaker"], "title": "Agurk, Stor", "price": 24.9, "product_variant": "Norsk, 1 stk", "quantity_info": [[1.0, "stk"]], "image_url": "/media/uploads/public/0/191/3391-e4dd4-product_list.jpg", "unit_price_raw": "kr 75,45 per kg", "product_url": "https://kolonial.no/produkter/9281-agurk-norsk/", "kolonial_id": "9281"},
  {"category": "B\u00e6r", "category_list": ["Alle varer", "Frukt og gr\u00f8nt", "B\u00e6r"], "title": "Bl\u00e5b\u00e6r i Beger", "price": 33.9, "product_variant": "Spania, 150 g", "quantity_info": [[150.0, "g"]], "image_url": "/media/uploads/public/381/334/643934-697e8-product_list.jpg", "unit_price_raw": "kr 226,00 per kg", "product_url": "https://kolonial.no/produkter/27025-blabaer-i-beger-spania/", "kolonial_id": "27025"},
  {"category": "B\u00e6r", "category_list": ["Alle varer", "Frukt og gr\u00f8nt", "B\u00e6r"], "title": "Bj\u00f8rneb\u00e6r", "price": 45.9, "product_variant": "Nederland, 125 g", "quantity_info": [[125.0, "g"]], "image_url": "/media/uploads/public/261/139/296139-8d5bd-product_list.jpg", "unit_price_raw": "kr 367,20 per kg", "product_url": "https://kolonial.no/produkter/25571-bjornebaer-nederland/", "kolonial_id": "25571"},
  {"category": "Frukt", "category_list": ["Alle varer", "Frukt og gr\u00f8nt", "Frukt"], "title": "\u00d8kologiske Bananer", "price": 22.9, "product_variant": "4-6 stk, Colombia, 600 g", "quantity_info": [[4.0, ""], [6.0, "stkColombia"], [600.0, "g"]], "image_url": "/media/uploads/public/0/356/3556-998b7-product_list.jpg", "unit_price_raw": "kr 38,17 per kg", "product_url": "https://kolonial.no/produkter/19432-okologiske-bananer-5-6-stk-colombia/", "kolonial_id": "19432"},
  {"category": "Frossen frukt og gr\u00f8nt", "category_list": ["Alle varer", "Frukt og gr\u00f8nt", "Frossen frukt og gr\u00f8nt"], "title": "Bl\u00e5b\u00e6r", "price": 22.1, "product_variant": "Canada, 400 g", "quantity_info": [[400.0, "g"]], "image_url": "/media/uploads/public/319/58/971658-d7f34-product_list.jpg", "unit_price_raw": "kr 55,25 per kg", "product_url": "https://kolonial.no/produkter/8422-rema-1000-blabaer-400/", "kolonial_id": "8422"},
  {"category": "Hermetisert frukt og gr\u00f8nt", "category_list": ["Alle varer", "Frukt og gr\u00f8nt", "Hermetisert frukt og gr\u00f8nt"], "title": "Petti Finhakkede Tomater", "price": 16.3, "product_variant": "400 g", "quantity_info": [[400.0, "g"]], "image_url": "/media/uploads/public/66/213/660213-4150d-product_list.jpg", "unit_price_raw": "kr 40,75 per kg", "product_url": "https://kolonial.no/produkter/27148-petti-petti-finhakkede-tomater/", "kolonial_id": "27148"},
  {"category": "Urter og spirer", "category_list": ["Alle varer", "Frukt og gr\u00f8nt", "Urter og spirer"], "title": "Gressl\u00f8k Gourmet", "price": 16.9, "product_variant": "Frisk i Pose, Etiopia, 20 g", "quantity_info": [[20.0, "g"]], "image_url": "/media/uploads/public/0/332/3532-df64c-product_list.jpg", "unit_price_raw": "kr 845,00 per kg", "product_url": "https://kolonial.no/produkter/15166-gresslok-gourmet-frisk-i-pose/", "kolonial_id": "15166"},
  {"category": "Fr\u00f8, n\u00f8tter og t\u00f8rket frukt", "category_list": ["Alle varer", "Frukt og gr\u00f8nt", "Fr\u00f8, n\u00f8tter og t\u00f8rket frukt"], "title": "Ferske dadler", "price": 39.9, "product_variant": "200 g", "quantity_info": [[200.0, "g"]], "image_url": "/media/uploads/public/0/5/45205-c04ea-product_list.jpg", "unit_price_raw": "kr 199,50 per kg", "product_url": "https://kolonial.no/produkter/16711-bare-dadler/", "kolonial_id": "16711"},
  {"category": "Poteter", "category_list": ["Alle varer", "Frukt og gr\u00f8nt", "Poteter"], "title": "Amandine Poteter", "price": 39.9, "product_variant": "Kok/Stek, Frankrike, 1 kg", "quantity_info": [[1.0, "kg"]], "image_url": "/media/uploads/public/3/124/374124-ec9cc-product_list.jpg", "unit_price_raw": "kr 39,90 per kg", "product_url": "https://kolonial.no/produkter/9434-amandine-poteter-kokstek-frankrike/", "kolonial_id": "9434"},
  {"category": "Poteter", "category_list": ["Alle varer", "Frukt og gr\u00f8nt", "Poteter"], "title": "Mandelpoteter", "price": 29.9, "product_variant": "Norge, 2,5 kg", "quantity_info": [[2.5, "kg"]], "image_url": "/media/uploads/public/91/285/645485-5edee-product_list.jpg", "unit_price_raw": "kr 11,96 per kg", "product_url": "https://kolonial.no/produkter/27048-mandelpoteter-norge/", "kolonial_id": "27048"},
  {"category": "Salater og k\u00e5l", "category_list": ["Alle varer", "Frukt og gr\u00f8nt", "Salater og k\u00e5l"], "title": "Ekeblad Gr\u00f8nn", "price": 30.9, "product_variant": "Spania/ Italia, 1 stk", "quantity_info": [[1.0, "stk"]], "image_url": "/media/uploads/public/169/125/508525-2b137-product_list.jpg", "unit_price_raw": "kr 193,13 per kg", "product_url": "https://kolonial.no/produkter/26241-ekeblad-gronn-italia/", "kolonial_id": "26241"},
  {"category": "Ferdigkuttet frukt og gr\u00f8nt", "category_list": ["Alle varer", "Frukt og gr\u00f8nt", "Ferdigkuttet frukt og gr\u00f8nt"], "title": "Brokkolini", "price": 39.9, "product_variant": "Kenya, 200 g", "quantity_info": [[200.0, "g"]], "image_url": "/media/uploads/public/0/200/104200-2e129-product_list.jpg", "unit_price_raw": "kr 199,50 per kg", "product_url": "https://kolonial.no/produkter/22480-aspargesbrokkoli-hele/", "kolonial_id": "22480"},
  {"category": "Ferdig kuttede salater", "category_list": ["Alle varer", "Frukt og gr\u00f8nt", "Ferdig kuttede salater"], "title": "Gr\u00f8nnk\u00e5l uten Stilk", "price": 19.9, "product_variant": "Vasket, Norge, 125 g", "quantity_info": [[125.0, "g"]], "image_url": "/media/uploads/public/10/107/720507-79294-product_list.jpg", "unit_price_raw": "kr 159,20 per kg", "product_url": "https://kolonial.no/produkter/27710-gronnkal-uten-stilk-vasket-tyskland/", "kolonial_id": "27710"},
  {"category": "Ferdig kuttede salater", "category_list": ["Alle varer", "Frukt og gr\u00f8nt", "Ferdig kuttede salater"], "title": "Svartk\u00e5l Wokmiks", "price": 24.9, "product_variant": "Vasket, Norge, 200 g", "quantity_info": [[200.0, "g"]], "image_url": "/media/uploads/public/188/105/720505-baeb3-product_list.jpg", "unit_price_raw": "kr 124,50 per kg", "product_url": "https://kolonial.no/produkter/27708-svartkal-wokmix-vasket-tyskland/", "kolonial_id": "27708"},
  {"category": "Gr\u00f8nnsaker", "category_list": ["Alle varer", "Frukt og gr\u00f8nt", "Gr\u00f8nnsaker"], "title": "\u00d8kologisk Agurk", "price": 25.9, "product_variant": "Spania, 1 stk", "quantity_info": [[1.0, "stk"]], "image_url": "/media/uploads/public/0/191/3391-e4dd4-product_list.jpg", "unit_price_raw": "kr 68,16 per kg", "product_url": "https://kolonial.no/produkter/19450-okologisk-agurk-spania/", "kolonial_id": "19450"},
  {"category": "B\u00e6r", "category_list": ["Alle varer", "Frukt og gr\u00f8nt", "B\u00e6r"], "title": "Bringeb\u00e6r", "price": 28.8, "product_variant": "Portugal, 125 g", "quantity_info": [[125.0, "g"]], "image_url": "/media/uploads/public/346/56/617656-6f900-product_list.jpg", "unit_price_raw": "kr 230,40 per kg", "product_url": "https://kolonial.no/produkter/26540-bringebaer-holland/", "kolonial_id": "26540"},
  {"category": "Frukt", "category_list": ["Alle varer", "Frukt og gr\u00f8nt", "Frukt"], "title": "\u00d8kologiske P\u00e6rer, Conference", "price": 40.9, "product_variant": "3-4 stk Italia, 500 g", "quantity_info": [[3.0, ""], [4.0, "stkItalia"], [500.0, "g"]], "image_url": "/media/uploads/public/388/226/137026-60b57-product_list.jpg", "unit_price_raw": "kr 81,80 per kg", "product_url": "https://kolonial.no/produkter/23920-okologiske-paerer-conference-italia/", "kolonial_id": "23920"},
  {"category": "Frossen frukt og gr\u00f8nt", "category_list": ["Alle varer", "Frukt og gr\u00f8nt", "Frossen frukt og gr\u00f8nt"], "title": "Smoothie Mix", "price": 48.8, "product_variant": "800 g", "quantity_info": [[800.0, "g"]], "image_url": "/media/uploads/public/349/4/972004-c28e5-product_list.jpg", "unit_price_raw": "kr 61,00 per kg", "product_url": "https://kolonial.no/produkter/8398-rema-1000-smoothie-mix-800g/", "kolonial_id": "8398"},
  {"category": "Hermetisert frukt og gr\u00f8nt", "category_list": ["Alle varer", "Frukt og gr\u00f8nt", "Hermetisert frukt og gr\u00f8nt"], "title": "Polpa Tomater Knuste", "price": 17.0, "product_variant": "400 g", "quantity_info": [[400.0, "g"]], "image_url": "/media/uploads/public/0/137/13337-af1ff-product_list.jpg", "unit_price_raw": "kr 42,50 per kg", "product_url": "https://kolonial.no/produkter/9860-mutti-polpa-tomater-knuste-400g/", "kolonial_id": "9860"},
  {"category": "Hermetisert frukt og gr\u00f8nt", "category_list": ["Alle varer", "Frukt og gr\u00f8nt", "Hermetisert frukt og gr\u00f8nt"], "title": "Hakkede Tomater Med Hvitl\u00f8k", "price": 10.9, "product_variant": "390 g", "quantity_info": [[390.0, "g"]], "image_url": "/media/uploads/public/216/350/969150-f83d6-product_list.jpg", "unit_price_raw": "kr 27,95 per kg", "product_url": "https://kolonial.no/produkter/8484-rema-1000-hakkede-tomater-med-hvitlok-400g/", "kolonial_id": "8484"},
  {"category": "Urter og spirer", "category_list": ["Alle varer", "Frukt og gr\u00f8nt", "Urter og spirer"], "title": "Bladpersille Gourmet", "price": 25.9, "product_variant": "Frisk i Pose, Etiopia, 20 g", "quantity_info": [[20.0, "g"]], "image_url": "/media/uploads/public/0/196/58996-2ed41-product_list.jpg", "unit_price_raw": "kr 1295,00 per kg", "product_url": "https://kolonial.no/produkter/17767-bladpersille-gourmet-frisk-i-pose/", "kolonial_id": "17767"},
  {"category": "Fr\u00f8, n\u00f8tter og t\u00f8rket frukt", "category_list": ["Alle varer", "Frukt og gr\u00f8nt", "Fr\u00f8, n\u00f8tter og t\u00f8rket frukt"], "title": "Solsikkekjerner", "price": 22.1, "product_variant": "\u00d8kologisk, 300 g", "quantity_info": [[300.0, "g"]], "image_url": "/media/uploads/public/258/8/972808-4f0d8-product_list.jpg", "unit_price_raw": "kr 73,67 per kg", "product_url": "https://kolonial.no/produkter/26763-rema-1000-solsikkekjerner-okologisk/", "kolonial_id": "26763"},
  {"category": "Poteter", "category_list": ["Alle varer", "Frukt og gr\u00f8nt", "Poteter"], "title": "Amandine Potet", "price": 64.4, "product_variant": "Kok/Stek, Frankrike, 2,5 kg", "quantity_info": [[2.5, "kg"]], "image_url": "/media/uploads/public/254/123/374123-207e6-product_list.jpg", "unit_price_raw": "kr 25,76 per kg", "product_url": "https://kolonial.no/produkter/9257-amandine-potet-kokstek-frankrike/", "kolonial_id": "9257"},
  {"category": "Salater og k\u00e5l", "category_list": ["Alle varer", "Frukt og gr\u00f8nt", "Salater og k\u00e5l"], "title": "Isbergsalat", "price": 19.9, "product_variant": "Spania, 1 stk", "quantity_info": [[1.0, "stk"]], "image_url": "/media/uploads/public/0/170/3370-334f9-product_list.jpg", "unit_price_raw": "kr 47,38 per kg", "product_url": "https://kolonial.no/produkter/9356-isbergsalat-spania/", "kolonial_id": "9356"},
  {"category": "Salater og k\u00e5l", "category_list": ["Alle varer", "Frukt og gr\u00f8nt", "Salater og k\u00e5l"], "title": "Crispisalat", "price": 18.9, "product_variant": "Beger, Spania/ Italia, 150 g", "quantity_info": [[150.0, "g"]], "image_url": "/media/uploads/public/350/82/552082-949bf-product_list.jpg", "unit_price_raw": "kr 126,00 per kg", "product_url": "https://kolonial.no/produkter/9428-crispisalat-beger-italia/", "kolonial_id": "9428"},
  {"category": "Ferdigkuttet frukt og gr\u00f8nt", "category_list": ["Alle varer", "Frukt og gr\u00f8nt", "Ferdigkuttet frukt og gr\u00f8nt"], "title": "Brokkollibuketter", "price": 24.9, "product_variant": "Vasket, Norge, 150 g", "quantity_info": [[150.0, "g"]], "image_url": "/media/uploads/public/328/84/720484-64e4b-product_list.jpg", "unit_price_raw": "kr 166,00 per kg", "product_url": "https://kolonial.no/produkter/27697-brokolli-buketter-150-gram-vasket-tyskland-1-stk/", "kolonial_id": "27697"},
  {"category": "Ferdig kuttede salater", "category_list": ["Alle varer", "Frukt og gr\u00f8nt", "Ferdig kuttede salater"], "title": "Gr\u00f8nnk\u00e5l Miks", "price": 24.9, "product_variant": "Vasket, Norge, 250 g", "quantity_info": [[250.0, "g"]], "image_url": "/media/uploads/public/127/106/720506-33702-product_list.jpg", "unit_price_raw": "kr 99,60 per kg", "product_url": "https://kolonial.no/produkter/27709-gronnkal-miks-vasket-tyskland/", "kolonial_id": "27709"},
  {"category": "Gr\u00f8nnsaker", "category_list": ["Alle varer", "Frukt og gr\u00f8nt", "Gr\u00f8nnsaker"], "title": "Gresskar Butternut", "price": 30.9, "product_variant": "Portugal, 750 g", "quantity_info": [[750.0, "g"]], "image_url": "/media/uploads/public/386/259/130259-3a5f7-product_list.jpg", "unit_price_raw": "kr 41,20 per kg", "product_url": "https://kolonial.no/produkter/23551-gresskar-butternut-portugal/", "kolonial_id": "23551"},
  {"category": "Frukt", "category_list": ["Alle varer", "Frukt og gr\u00f8nt", "Frukt"], "title": "P\u00e6rer Conference", "price": 13.0, "product_variant": "4 pk, 500 g", "quantity_info": [[4.0, "pk"], [500.0, "g"]], "image_url": "/media/uploads/public/102/163/661363-31b81-product_list.jpg", "unit_price_raw": "kr 26,00 per kg", "product_url": "https://kolonial.no/produkter/149-paerer-conferance-4-pk/", "kolonial_id": "149"},
  {"category": "Frossen frukt og gr\u00f8nt", "category_list": ["Alle varer", "Frukt og gr\u00f8nt", "Frossen frukt og gr\u00f8nt"], "title": "Smoothiemix Mango & Ananas", "price": 42.8, "product_variant": "800 g", "quantity_info": [[800.0, "g"]], "image_url": "/media/uploads/public/5/1/971201-4c84a-product_list.jpg", "unit_price_raw": "kr 53,50 per kg", "product_url": "https://kolonial.no/produkter/16353-rema-1000-smoothiemix-mango-ananas/", "kolonial_id": "16353"},
  {"category": "Hermetisert frukt og gr\u00f8nt", "category_list": ["Alle varer", "Frukt og gr\u00f8nt", "Hermetisert frukt og gr\u00f8nt"], "title": "Hakkede Tomater Med Basilikum", "price": 10.8, "product_variant": "390 g", "quantity_info": [[390.0, "g"]], "image_url": "/media/uploads/public/143/271/969071-c1f43-product_list.jpg", "unit_price_raw": "kr 27,69 per kg", "product_url": "https://kolonial.no/produkter/8476-rema-1000-hakkede-tomater-med-basilikum/", "kolonial_id": "8476"},
  {"category": "Urter og spirer", "category_list": ["Alle varer", "Frukt og gr\u00f8nt", "Urter og spirer"], "title": "Kj\u00f8rvel Gourmet", "price": 24.4, "product_variant": "Frisk i Pose, Etiopia, 20 g", "quantity_info": [[20.0, "g"]], "image_url": "/media/uploads/public/0/272/58672-cd83d-product_list.jpg", "unit_price_raw": "kr 1220,00 per kg", "product_url": "https://kolonial.no/produkter/17764-kjorvel-gourmet-frisk-i-pose/", "kolonial_id": "17764"},
  {"category": "Urter og spirer", "category_list": ["Alle varer", "Frukt og gr\u00f8nt", "Urter og spirer"], "title": "Dill Gourmet", "price": 24.4, "product_variant": "Frisk i Pose, Etiopia, 20 g", "quantity_info": [[20.0, "g"]], "image_url": "/media/uploads/public/0/338/3538-73e59-product_list.jpg", "unit_price_raw": "kr 1220,00 per kg", "product_url": "https://kolonial.no/produkter/17746-dill-gourmet-frisk-i-pose/", "kolonial_id": "17746"},
  {"category": "Fr\u00f8, n\u00f8tter og t\u00f8rket frukt", "category_list": ["Alle varer", "Frukt og gr\u00f8nt", "Fr\u00f8, n\u00f8tter og t\u00f8rket frukt"], "title": "Chiafr\u00f8", "price": 37.6, "product_variant": "\u00d8kologisk, 350 g", "quantity_info": [[350.0, "g"]], "image_url": "/media/uploads/public/111/70/972870-a64d1-product_list.jpg", "unit_price_raw": "kr 107,43 per kg", "product_url": "https://kolonial.no/produkter/26762-kolonihagen-chiafro-okologisk/", "kolonial_id": "26762"},
  {"category": "Poteter", "category_list": ["Alle varer", "Frukt og gr\u00f8nt", "Poteter"], "title": "Poteter Asterix", "price": 26.9, "product_variant": "Norge, 1 kg", "quantity_info": [[1.0, "kg"]], "image_url": "/media/uploads/public/245/252/617452-97591-product_list.jpg", "unit_price_raw": "kr 26,90 per kg", "product_url": "https://kolonial.no/produkter/26529-poteter-asterix-norge/", "kolonial_id": "26529"},
  {"category": "Salater og k\u00e5l", "category_list": ["Alle varer", "Frukt og gr\u00f8nt", "Salater og k\u00e5l"], "title": "Ekeblad R\u00f8d", "price": 30.9, "product_variant": "Spania/ Italia, 1 stk", "quantity_info": [[1.0, "stk"]], "image_url": "/media/uploads/public/90/124/508524-fa73d-product_list.jpg", "unit_price_raw": "kr 154,50 per kg", "product_url": "https://kolonial.no/produkter/26242-ekeblad-rod-italia/", "kolonial_id": "26242"},
  {"category": "Ferdigkuttet frukt og gr\u00f8nt", "category_list": ["Alle varer", "Frukt og gr\u00f8nt", "Ferdigkuttet frukt og gr\u00f8nt"], "title": "Gulrot i Staver", "price": 25.9, "product_variant": "Ferdigkuttet, 180 g", "quantity_info": [[180.0, "g"]], "image_url": "/media/uploads/public/0/203/104203-c7c69-product_list.jpg", "unit_price_raw": "kr 143,89 per kg", "product_url": "https://kolonial.no/produkter/22483-gulrot-i-staver-ferdigkuttet/", "kolonial_id": "22483"},
  {"category": "Ferdigkuttet frukt og gr\u00f8nt", "category_list": ["Alle varer", "Frukt og gr\u00f8nt", "Ferdigkuttet frukt og gr\u00f8nt"], "title": "Pak Choi Wokmiks", "price": 27.9, "product_variant": "Vasket, Norge, 250 g", "quantity_info": [[250.0, "g"]], "image_url": "/media/uploads/public/143/102/720502-86c6f-product_list.jpg", "unit_price_raw": "kr 111,60 per kg", "product_url": "https://kolonial.no/produkter/27705-pack-choy-wokmiks-vasket-tyskland/", "kolonial_id": "27705"},
  {"category": "Ferdig kuttede salater", "category_list": ["Alle varer", "Frukt og gr\u00f8nt", "Ferdig kuttede salater"], "title": "Wokmiks Premium", "price": 24.9, "product_variant": "Vasket, Norge, 250 g", "quantity_info": [[250.0, "g"]], "image_url": "/media/uploads/public/308/104/720504-ed12f-product_list.jpg", "unit_price_raw": "kr 99,60 per kg", "product_url": "https://kolonial.no/produkter/27707-wokmiks-premium-vasket-tyskland/", "kolonial_id": "27707"},
  {"category": "Gr\u00f8nnsaker", "category_list": ["Alle varer", "Frukt og gr\u00f8nt", "Gr\u00f8nnsaker"], "title": "Gresskar Hokkaido", "price": 34.9, "product_variant": "Norge, 750 g", "quantity_info": [[750.0, "g"]], "image_url": "/media/uploads/public/294/258/130258-7fec0-product_list.jpg", "unit_price_raw": "kr 17,45 per stk", "product_url": "https://kolonial.no/produkter/23549-gresskar-hokkaido-norge/", "kolonial_id": "23549"},
  {"category": "Frukt", "category_list": ["Alle varer", "Frukt og gr\u00f8nt", "Frukt"], "title": "Epler, gr\u00f8nne, 4 pk", "price": 28.9, "product_variant": "Granny Smith, Italia, 750 g", "quantity_info": [[750.0, "g"]], "image_url": "/media/uploads/public/36/174/661374-33f3f-product_list.jpg", "unit_price_raw": "kr 38,53 per kg", "product_url": "https://kolonial.no/produkter/27168-epler-gronne-4-pk-granny-smith-italia/", "kolonial_id": "27168"},
  {"category": "Frossen frukt og gr\u00f8nt", "category_list": ["Alle varer", "Frukt og gr\u00f8nt", "Frossen frukt og gr\u00f8nt"], "title": "Smoothie", "price": 25.1, "product_variant": "Gr\u00f8nnk\u00e5l & Frukt, 400 g", "quantity_info": [[400.0, "g"]], "image_url": "/media/uploads/public/394/370/968770-e9cfc-product_list.jpg", "unit_price_raw": "kr 62,75 per kg", "product_url": "https://kolonial.no/produkter/16519-rema-1000-smoothie-gronnkak-frukt/", "kolonial_id": "16519"},
  {"category": "Hermetisert frukt og gr\u00f8nt", "category_list": ["Alle varer", "Frukt og gr\u00f8nt", "Hermetisert frukt og gr\u00f8nt"], "title": "Tomater Hakkede", "price": 15.0, "product_variant": "\u00d8kologisk, 390 g", "quantity_info": [[390.0, "g"]], "image_url": "/media/uploads/public/133/149/970149-39f60-product_list.jpg", "unit_price_raw": "kr 38,46 per kg", "product_url": "https://kolonial.no/produkter/20938-rema-1000-tomater-hakkede-okologisk/", "kolonial_id": "20938"},
  {"category": "Urter og spirer", "category_list": ["Alle varer", "Frukt og gr\u00f8nt", "Urter og spirer"], "title": "Mynte Gourmet", "price": 24.4, "product_variant": "Frisk i Pose, Etiopia, 20 g", "quantity_info": [[20.0, "g"]], "image_url": "/media/uploads/public/0/190/58990-4088a-product_list.jpg", "unit_price_raw": "kr 1220,00 per kg", "product_url": "https://kolonial.no/produkter/17743-mynte-gourmet-frisk-i-pose/", "kolonial_id": "17743"},
  {"category": "Fr\u00f8, n\u00f8tter og t\u00f8rket frukt", "category_list": ["Alle varer", "Frukt og gr\u00f8nt", "Fr\u00f8, n\u00f8tter og t\u00f8rket frukt"], "title": "Linfr\u00f8", "price": 18.6, "product_variant": "\u00d8kologisk, 350 g", "quantity_info": [[350.0, "g"]], "image_url": "/media/uploads/public/235/4/972804-630a0-product_list.jpg", "unit_price_raw": "kr 53,14 per kg", "product_url": "https://kolonial.no/produkter/26761-rema-1000-linfro-okologisk/", "kolonial_id": "26761"},
  {"category": "Fr\u00f8, n\u00f8tter og t\u00f8rket frukt", "category_list": ["Alle varer", "Frukt og gr\u00f8nt", "Fr\u00f8, n\u00f8tter og t\u00f8rket frukt"], "title": "Pinjekjerner", "price": 46.6, "product_variant": "60 g", "quantity_info": [[60.0, "g"]], "image_url": "/media/uploads/public/355/150/968150-d043e-product_list.jpg", "unit_price_raw": "kr 776,67 per kg", "product_url": "https://kolonial.no/produkter/8810-den-lille-nottefabrikken-pinjekjerner-60g/", "kolonial_id": "8810"},
  {"category": "Poteter", "category_list": ["Alle varer", "Frukt og gr\u00f8nt", "Poteter"], "title": "Poteter Asterix", "price": 39.9, "product_variant": "Norge, 2,5 kg", "quantity_info": [[2.5, "kg"]], "image_url": "/media/uploads/public/80/253/617453-62436-product_list.jpg", "unit_price_raw": "kr 15,96 per kg", "product_url": "https://kolonial.no/produkter/26530-poteter-asterix-norge/", "kolonial_id": "26530"},
  {"category": "Salater og k\u00e5l", "category_list": ["Alle varer", "Frukt og gr\u00f8nt", "Salater og k\u00e5l"], "title": "Feldsalat", "price": 29.9, "product_variant": "Frankrike, 100 g", "quantity_info": [[100.0, "g"]], "image_url": "/media/uploads/public/245/120/507720-7eb43-product_list.jpg", "unit_price_raw": "kr 299,00 per kg", "product_url": "https://kolonial.no/produkter/26251-feldsalat-italia/", "kolonial_id": "26251"},
  {"category": "Ferdigkuttet frukt og gr\u00f8nt", "category_list": ["Alle varer", "Frukt og gr\u00f8nt", "Ferdigkuttet frukt og gr\u00f8nt"], "title": "R\u00e5kostmiks", "price": 16.9, "product_variant": "Vasket, Norge, 225 g", "quantity_info": [[225.0, "g"]], "image_url": "/media/uploads/public/376/103/720503-a67ec-product_list.jpg", "unit_price_raw": "kr 75,11 per kg", "product_url": "https://kolonial.no/produkter/27706-rakostmiks-vasket-tyskland/", "kolonial_id": "27706"},
  {"category": "Gr\u00f8nnsaker", "category_list": ["Alle varer", "Frukt og gr\u00f8nt", "Gr\u00f8nnsaker"], "title": "Avokado Stor", "price": 32.9, "product_variant": "1 stk, Spisemoden, S\u00f8r Afrika, 300 g", "quantity_info": [[1.0, "stkSpisemodenS\u00f8rAfrika"], [300.0, "g"]], "image_url": "/media/uploads/public/0/167/3367-3aeba-product_list.jpg", "unit_price_raw": "kr 109,67 per kg", "product_url": "https://kolonial.no/produkter/23548-avokado-stor-1-stk-spisemoden-sor-afrika/", "kolonial_id": "23548"},
  {"category": "Gr\u00f8nnsaker", "category_list": ["Alle varer", "Frukt og gr\u00f8nt", "Gr\u00f8nnsaker"], "title": "\u00d8kologisk Avokado", "price": 40.9, "product_variant": "Peru, 2 stk", "quantity_info": [[2.0, "stk"]], "image_url": "/media/uploads/public/196/229/137029-2b3c1-product_list.jpg", "unit_price_raw": "kr 102,25 per kg", "product_url": "https://kolonial.no/produkter/23923-okologisk-avokado-spania/", "kolonial_id": "23923"},
  {"category": "Frukt", "category_list": ["Alle varer", "Frukt og gr\u00f8nt", "Frukt"], "title": "Epler, r\u00f8de, 4 pk", "price": 24.9, "product_variant": "Royal Gala/Evelina Italia, ca. 750 g", "quantity_info": [[750.0, "g"]], "image_url": "/media/uploads/public/352/170/661370-eaa3c-product_list.jpg", "unit_price_raw": "kr 33,20 per kg", "product_url": "https://kolonial.no/produkter/27164-epler-rode-royal-gala-4-pk-italia/", "kolonial_id": "27164"},
  {"category": "Frukt", "category_list": ["Alle varer", "Frukt og gr\u00f8nt", "Frukt"], "title": "Epler gule, 4 pk", "price": 26.9, "product_variant": "Golden Delicious, Italia, 750 g", "quantity_info": [[750.0, "g"]], "image_url": "/media/uploads/public/143/172/661372-81d31-product_list.jpg", "unit_price_raw": "kr 35,87 per kg", "product_url": "https://kolonial.no/produkter/27166-epler-gule-golden-delicious-4-pk-italia/", "kolonial_id": "27166"},
  {"category": "Frossen frukt og gr\u00f8nt", "category_list": ["Alle varer", "Frukt og gr\u00f8nt", "Frossen frukt og gr\u00f8nt"], "title": "Wok Classic Big Pack", "price": 53.5, "product_variant": "850 g", "quantity_info": [[850.0, "g"]], "image_url": "/media/uploads/public/386/50/969250-7c9cd-product_list.jpg", "unit_price_raw": "kr 62,94 per kg", "product_url": "https://kolonial.no/produkter/17713-findus-wok-classic-big-pack/", "kolonial_id": "17713"},
  {"category": "Hermetisert frukt og gr\u00f8nt", "category_list": ["Alle varer", "Frukt og gr\u00f8nt", "Hermetisert frukt og gr\u00f8nt"], "title": "Hakkede Tomater Med Chilli", "price": 10.9, "product_variant": "390 g", "quantity_info": [[390.0, "g"]], "image_url": "/media/uploads/public/293/150/970150-d209c-product_list.jpg", "unit_price_raw": "kr 27,95 per kg", "product_url": "https://kolonial.no/produkter/8480-rema-1000-hakkede-tomater-med-chilli-400g/", "kolonial_id": "8480"},
  {"category": "Urter og spirer", "category_list": ["Alle varer", "Frukt og gr\u00f8nt", "Urter og spirer"], "title": "Oregano Gourmet", "price": 24.4, "product_variant": "Frisk i Pose, Etiopia, 20 g", "quantity_info": [[20.0, "g"]], "image_url": "/media/uploads/public/0/184/58984-24e94-product_list.jpg", "unit_price_raw": "kr 1220,00 per kg", "product_url": "https://kolonial.no/produkter/17755-oregano-gourmet-frisk-i-pose/", "kolonial_id": "17755"},
  {"category": "Urter og spirer", "category_list": ["Alle varer", "Frukt og gr\u00f8nt", "Urter og spirer"], "title": "Rosmarin Gourmet", "price": 24.4, "product_variant": "Frisk i Pose, Etiopia, 20 g", "quantity_info": [[20.0, "g"]], "image_url": "/media/uploads/public/0/344/3544-e51d6-product_list.jpg", "unit_price_raw": "kr 1220,00 per kg", "product_url": "https://kolonial.no/produkter/17749-rosmarin-gourmet-frisk-i-pose/", "kolonial_id": "17749"},
  {"category": "Fr\u00f8, n\u00f8tter og t\u00f8rket frukt", "category_list": ["Alle varer", "Frukt og gr\u00f8nt", "Fr\u00f8, n\u00f8tter og t\u00f8rket frukt"], "title": "Fiken", "price": 36.0, "product_variant": "\u00d8kologisk, 150 g", "quantity_info": [[150.0, "g"]], "image_url": "/media/uploads/public/177/399/1015199-7846f-product_list.jpg", "unit_price_raw": "kr 240,00 per kg", "product_url": "https://kolonial.no/produkter/20311-helios-fiken-okologisk/", "kolonial_id": "20311"},
  {"category": "Poteter", "category_list": ["Alle varer", "Frukt og gr\u00f8nt", "Poteter"], "title": "\u00d8kologiske Poteter Faxe", "price": 49.9, "product_variant": "Norge, 1,5 kg", "quantity_info": [[1.5, "kg"]], "image_url": "/media/uploads/public/293/137/138937-79e92-product_list.jpg", "unit_price_raw": "kr 33,27 per kg", "product_url": "https://kolonial.no/produkter/23194-okologiske-poteter-faxe-norge/", "kolonial_id": "23194"},
  {"category": "Salater og k\u00e5l", "category_list": ["Alle varer", "Frukt og gr\u00f8nt", "Salater og k\u00e5l"], "title": "Gr\u00f8nnk\u00e5l", "price": 36.6, "product_variant": "Spania/ Italia, 200 g", "quantity_info": [[200.0, "g"]], "image_url": "/media/uploads/public/0/293/76693-75821-product_list.jpg", "unit_price_raw": "kr 183,00 per kg", "product_url": "https://kolonial.no/produkter/10790-gronnkal-italia/", "kolonial_id": "10790"},
  {"category": "Ferdigkuttet frukt og gr\u00f8nt", "category_list": ["Alle varer", "Frukt og gr\u00f8nt", "Ferdigkuttet frukt og gr\u00f8nt"], "title": "Ratatouilleblanding", "price": 29.9, "product_variant": "Ferdigkuttet, Tyskland, 250 g", "quantity_info": [[250.0, "g"]], "image_url": "/media/uploads/public/265/83/720483-f6550-product_list.jpg", "unit_price_raw": "kr 119,60 per kg", "product_url": "https://kolonial.no/produkter/27696-ratatouille-vasket-tyskland/", "kolonial_id": "27696"},
  {"category": "Ferdigkuttet frukt og gr\u00f8nt", "category_list": ["Alle varer", "Frukt og gr\u00f8nt", "Ferdigkuttet frukt og gr\u00f8nt"], "title": "Salatl\u00f8k", "price": 26.9, "product_variant": "Skr\u00e5kuttet, Kenya, 150 g", "quantity_info": [[150.0, "g"]], "image_url": "/media/uploads/public/229/78/136078-ab28d-product_list.jpg", "unit_price_raw": "kr 179,33 per kg", "product_url": "https://kolonial.no/produkter/22486-salatlok-skrakuttet/", "kolonial_id": "22486"},
  {"category": "Ferdig kuttede salater", "category_list": ["Alle varer", "Frukt og gr\u00f8nt", "Ferdig kuttede salater"], "title": "Romano Mix", "price": 27.9, "product_variant": "Vasket, Norge, 175 g", "quantity_info": [[175.0, "g"]], "image_url": "/media/uploads/public/336/32/642832-e9190-product_list.jpg", "unit_price_raw": "kr 159,43 per kg", "product_url": "https://kolonial.no/produkter/13594-romano-mix-vasket-norge/", "kolonial_id": "13594"},
  {"category": "Gr\u00f8nnsaker", "category_list": ["Alle varer", "Frukt og gr\u00f8nt", "Gr\u00f8nnsaker"], "title": "Avokado Laveste Pris", "price": 55.9, "product_variant": "Snart moden, Nett, Kenya, 1 kg", "quantity_info": [[1.0, "kg"]], "image_url": "/media/uploads/public/126/111/507711-9f0cb-product_list.jpg", "unit_price_raw": "kr 55,90 per kg", "product_url": "https://kolonial.no/produkter/26254-avokado-i-nett-spania/", "kolonial_id": "26254"},
  {"category": "Frukt", "category_list": ["Alle varer", "Frukt og gr\u00f8nt", "Frukt"], "title": "Epler, R\u00f8de, 6 pk", "price": 25.9, "product_variant": "Royal Gala/Evelina Italia, 950 g", "quantity_info": [[950.0, "g"]], "image_url": "/media/uploads/public/150/171/661371-7d511-product_list.jpg", "unit_price_raw": "kr 27,26 per kg", "product_url": "https://kolonial.no/produkter/27165-epler-rode-royal-gala-6-pk-italia/", "kolonial_id": "27165"},
  {"category": "Frossen frukt og gr\u00f8nt", "category_list": ["Alle varer", "Frukt og gr\u00f8nt", "Frossen frukt og gr\u00f8nt"], "title": "Familiefavoritt Grovkuttet", "price": 28.1, "product_variant": "500 g", "quantity_info": [[500.0, "g"]], "image_url": "/media/uploads/public/251/362/968762-b3bd0-product_list.jpg", "unit_price_raw": "kr 56,20 per kg", "product_url": "https://kolonial.no/produkter/16513-rema-1000-familiefavoritt-grovkuttet/", "kolonial_id": "16513"},
  {"category": "Hermetisert frukt og gr\u00f8nt", "category_list": ["Alle varer", "Frukt og gr\u00f8nt", "Hermetisert frukt og gr\u00f8nt"], "title": "Tomater Grovhakkede", "price": 9.9, "product_variant": "400 g", "quantity_info": [[400.0, "g"]], "image_url": "/media/uploads/public/242/333/967933-cb99a-product_list.jpg", "unit_price_raw": "kr 24,75 per kg", "product_url": "https://kolonial.no/produkter/8474-rema-1000-tomater-grovhakkede/", "kolonial_id": "8474"},
  {"category": "Urter og spirer", "category_list": ["Alle varer", "Frukt og gr\u00f8nt", "Urter og spirer"], "title": "Salvie Gourmet", "price": 24.4, "product_variant": "Frisk i Pose, Etiopia, 20 g", "quantity_info": [[20.0, "g"]], "image_url": "/media/uploads/public/0/172/58972-29b12-product_list.jpg", "unit_price_raw": "kr 1220,00 per kg", "product_url": "https://kolonial.no/produkter/17761-salvie-gourmet-frisk-i-pose/", "kolonial_id": "17761"},
  {"category": "Urter og spirer", "category_list": ["Alle varer", "Frukt og gr\u00f8nt", "Urter og spirer"], "title": "Timian Gourmet", "price": 24.4, "product_variant": "Frisk i Pose, Etiopia, 20 g", "quantity_info": [[20.0, "g"]], "image_url": "/media/uploads/public/0/341/3541-e63be-product_list.jpg", "unit_price_raw": "kr 1220,00 per kg", "product_url": "https://kolonial.no/produkter/17752-timian-gourmet-frisk-i-pose/", "kolonial_id": "17752"},
  {"category": "Fr\u00f8, n\u00f8tter og t\u00f8rket frukt", "category_list": ["Alle varer", "Frukt og gr\u00f8nt", "Fr\u00f8, n\u00f8tter og t\u00f8rket frukt"], "title": "Svisker", "price": 44.8, "product_variant": "\u00d8kologisk, 150 g", "quantity_info": [[150.0, "g"]], "image_url": "/media/uploads/public/385/122/1010922-3be3e-product_list.jpg", "unit_price_raw": "kr 298,67 per kg", "product_url": "https://kolonial.no/produkter/20302-helios-svisker-okologisk/", "kolonial_id": "20302"},
  {"category": "Middagsbaser", "category_list": ["Alle varer", "Middager og tilbeh\u00f8r", "Middagsbaser"], "title": "Smaksrik Thaisuppe Base", "price": 31.8, "product_variant": "97 g", "quantity_info": [[97.0, "g"]], "image_url": "/media/uploads/public/392/129/973329-dff87-product_list.jpg", "unit_price_raw": "kr 327,84 per kg", "product_url": "https://kolonial.no/produkter/27292-toro-smaksrik-thaisuppe-base/", "kolonial_id": "27292"},
  {"category": "Poteter", "category_list": ["Alle varer", "Frukt og gr\u00f8nt", "Poteter"], "title": "Middagspoteter, Usorterte", "price": 19.7, "product_variant": "V\u00e5r laveste pris. Norge, 2,5 kg", "quantity_info": [[2.5, "kg"]], "image_url": "/media/uploads/public/69/26/642826-56b21-product_list.jpg", "unit_price_raw": "kr 7,88 per kg", "product_url": "https://kolonial.no/produkter/19633-middagspoteter-usorterte-var-laveste-pris-norge/", "kolonial_id": "19633"},
  {"category": "Salater og k\u00e5l", "category_list": ["Alle varer", "Frukt og gr\u00f8nt", "Salater og k\u00e5l"], "title": "Romano Gr\u00f8nn", "price": 30.9, "product_variant": "Spania/ Italia, 1 stk", "quantity_info": [[1.0, "stk"]], "image_url": "/media/uploads/public/109/275/509475-86f21-product_list.jpg", "unit_price_raw": "kr 30,90 per stk", "product_url": "https://kolonial.no/produkter/26274-romano-gronn-italia/", "kolonial_id": "26274"},
  {"category": "Salater og k\u00e5l", "category_list": ["Alle varer", "Frukt og gr\u00f8nt", "Salater og k\u00e5l"], "title": "Rapidsalat", "price": 20.9, "product_variant": "Norge, 130 g", "quantity_info": [[130.0, "g"]], "image_url": "/media/uploads/public/220/25/369225-57dbd-product_list.jpg", "unit_price_raw": "kr 160,77 per kg", "product_url": "https://kolonial.no/produkter/25804-rapidsalat-norge/", "kolonial_id": "25804"},
  {"category": "Ferdigkuttet frukt og gr\u00f8nt", "category_list": ["Alle varer", "Frukt og gr\u00f8nt", "Ferdigkuttet frukt og gr\u00f8nt"], "title": "Stekemix med Aspargesb\u00f8nner, Gulrot & Purre", "price": 35.9, "product_variant": "Fersk, Perfekt til Wok Kenya, 200 g", "quantity_info": [[200.0, "g"]], "image_url": "/media/uploads/public/19/77/136077-b8b8f-product_list.jpg", "unit_price_raw": "kr 179,50 per kg", "product_url": "https://kolonial.no/produkter/22489-stekemix-med-aspargesbonner-gulrot-purre-fersk-per/", "kolonial_id": "22489"},
  {"category": "Ferdig kuttede salater", "category_list": ["Alle varer", "Frukt og gr\u00f8nt", "Ferdig kuttede salater"], "title": "R\u00f8d og Gr\u00f8nn salatmiks", "price": 29.9, "product_variant": "Vasket, Norge, 150 g", "quantity_info": [[150.0, "g"]], "image_url": "/media/uploads/public/254/101/720501-c72c1-product_list.jpg", "unit_price_raw": "kr 199,33 per kg", "product_url": "https://kolonial.no/produkter/27704-rod-og-gronn-salatmiks-vasket-tyskland/", "kolonial_id": "27704"},
  {"category": "Gr\u00f8nnsaker", "category_list": ["Alle varer", "Frukt og gr\u00f8nt", "Gr\u00f8nnsaker"], "title": "Avokado Spisemoden", "price": 34.9, "product_variant": "S\u00f8r Afrika, 2 stk", "quantity_info": [[2.0, "stk"]], "image_url": "/media/uploads/public/2/293/122693-e3764-product_list.jpg", "unit_price_raw": "kr 116,33 per kg", "product_url": "https://kolonial.no/produkter/9452-avokado-spisemoden-sor-afrika/", "kolonial_id": "9452"},
  {"category": "Gr\u00f8nnsaker", "category_list": ["Alle varer", "Frukt og gr\u00f8nt", "Gr\u00f8nnsaker"], "title": "Gulr\u00f8tter,\u00d8kologiske, vasket", "price": 37.2, "product_variant": "Danmark, 1 kg", "quantity_info": [[1.0, "kg"]], "image_url": "/media/uploads/public/139/10/939610-cdcba-product_list.jpg", "unit_price_raw": "kr 37,20 per kg", "product_url": "https://kolonial.no/produkter/26976-gulrot-okologisk-vasket-danmark/", "kolonial_id": "26976"},
  {"category": "Frukt", "category_list": ["Alle varer", "Frukt og gr\u00f8nt", "Frukt"], "title": "Epler, gule, 6 pk", "price": 25.8, "product_variant": "Golden Delicious Italia, 950 g", "quantity_info": [[950.0, "g"]], "image_url": "/media/uploads/public/167/173/661373-67e42-product_list.jpg", "unit_price_raw": "kr 27,16 per kg", "product_url": "https://kolonial.no/produkter/27167-epler-gule-6-pk-golden-delicious-italia/", "kolonial_id": "27167"},
  {"category": "Frossen frukt og gr\u00f8nt", "category_list": ["Alle varer", "Frukt og gr\u00f8nt", "Frossen frukt og gr\u00f8nt"], "title": "Fullkornsris & Gr\u00f8nnsaker", "price": 26.0, "product_variant": "500 g", "quantity_info": [[500.0, "g"]], "image_url": "/media/uploads/public/336/22/968822-7a0ce-product_list.jpg", "unit_price_raw": "kr 52,00 per kg", "product_url": "https://kolonial.no/produkter/16522-rema-1000-fullkornsris-gronnsaker/", "kolonial_id": "16522"},
  {"category": "Middags-kit og gryteretter", "category_list": ["Alle varer", "Middager og tilbeh\u00f8r", "Middags-kit og gryteretter"], "title": "Lasagne", "price": 28.9, "product_variant": "200 g", "quantity_info": [[200.0, "g"]], "image_url": "/media/uploads/public/137/21/968421-a3b84-product_list.jpg", "unit_price_raw": "kr 144,50 per kg", "product_url": "https://kolonial.no/produkter/700-toro-lasagne/", "kolonial_id": "700"},
  {"category": "Ris og gryn", "category_list": ["Alle varer", "Middager og tilbeh\u00f8r", "Ris og gryn"], "title": "Fullkornscouscous", "price": 29.8, "product_variant": "400 g", "quantity_info": [[400.0, "g"]], "image_url": "/media/uploads/public/113/110/968110-5901f-product_list.jpg", "unit_price_raw": "kr 74,50 per kg", "product_url": "https://kolonial.no/produkter/15094-go-green-fullkornscouscous-400g/", "kolonial_id": "15094"},
  {"category": "Posesauser", "category_list": ["Alle varer", "Middager og tilbeh\u00f8r", "Posesauser"], "title": "Kj\u00f8ttkakesaus", "price": 17.7, "product_variant": "45 g", "quantity_info": [[45.0, "g"]], "image_url": "/media/uploads/public/366/346/965546-e6389-product_list.jpg", "unit_price_raw": "kr 393,33 per kg", "product_url": "https://kolonial.no/produkter/741-toro-kjottkakesaus/", "kolonial_id": "741"},
  {"category": "Middagstilbeh\u00f8r", "category_list": ["Alle varer", "Middager og tilbeh\u00f8r", "Middagstilbeh\u00f8r"], "title": "Middelhavssalat", "price": 44.5, "product_variant": "390 g", "quantity_info": [[390.0, "g"]], "image_url": "/media/uploads/public/187/157/967357-7d7eb-product_list.jpg", "unit_price_raw": "kr 114,10 per kg", "product_url": "https://kolonial.no/produkter/11437-delikat-middelhavssalat-390g/", "kolonial_id": "11437"},
  {"category": "Supper", "category_list": ["Alle varer", "Middager og tilbeh\u00f8r", "Supper"], "title": "Suppe med Tomat, Squash & Basilikum", "price": 53.6, "product_variant": "530 g", "quantity_info": [[530.0, "g"]], "image_url": "/media/uploads/public/269/108/152108-e1d48-product_list.jpg", "unit_price_raw": "kr 101,13 per kg", "product_url": "https://kolonial.no/produkter/15100-mere-suppe-suppe-med-tomat-squash-basilikum-530g/", "kolonial_id": "15100"},
  {"category": "Pasta og nudler", "category_list": ["Alle varer", "Middager og tilbeh\u00f8r", "Pasta og nudler"], "title": "Tortellini Skinke & Ost", "price": 26.2, "product_variant": "250 g", "quantity_info": [[250.0, "g"]], "image_url": "/media/uploads/public/0/172/21772-56a42-product_list.jpg", "unit_price_raw": "kr 104,80 per kg", "product_url": "https://kolonial.no/produkter/12823-rema-1000-tortellini-skinke-ost-250g/", "kolonial_id": "12823"},
  {"category": "Hermetisert frukt og gr\u00f8nt", "category_list": ["Alle varer", "Frukt og gr\u00f8nt", "Hermetisert frukt og gr\u00f8nt"], "title": "Mutti Cherrytomater", "price": 19.1, "product_variant": "400 g", "quantity_info": [[400.0, "g"]], "image_url": "/media/uploads/public/0/134/13334-3d2dd-product_list.jpg", "unit_price_raw": "kr 47,75 per kg", "product_url": "https://kolonial.no/produkter/9863-mutti-mutti-cherrytomater-400g/", "kolonial_id": "9863"},
  {"category": "Diverse husholdning", "category_list": ["Alle varer", "Husholdning og tekstil", "Diverse husholdning"], "title": "Tennv\u00e6ske Kemetyl", "price": 27.5, "product_variant": "1 l", "quantity_info": [[1.0, "l"]], "image_url": "/media/uploads/public/341/286/965086-c6c2b-product_list.jpg", "unit_price_raw": "kr 27,50 per l", "product_url": "https://kolonial.no/produkter/13138-rema-1000-tennvaeske-kemetyl-1l/", "kolonial_id": "13138"},
  {"category": "Urter og spirer", "category_list": ["Alle varer", "Frukt og gr\u00f8nt", "Urter og spirer"], "title": "Alfalfaspirer", "price": 25.9, "product_variant": "Norge, 100 g", "quantity_info": [[100.0, "g"]], "image_url": "/media/uploads/public/0/65/92065-ecd6d-product_list.jpg", "unit_price_raw": "kr 259,00 per kg", "product_url": "https://kolonial.no/produkter/19720-alfalfaspirer-norge/", "kolonial_id": "19720"},
  {"category": "Ferdige middagsretter", "category_list": ["Alle varer", "Middager og tilbeh\u00f8r", "Ferdige middagsretter"], "title": "R\u00f8d Kyllingcurry", "price": 119.0, "product_variant": "Fiks ferdig, 2 Porsjoner, 800 g", "quantity_info": [[2.0, "Porsjoner"], [800.0, "g"]], "image_url": "/media/uploads/public/38/279/991479-8708a-product_list.jpg", "unit_price_raw": "kr 148,75 per kg", "product_url": "https://kolonial.no/produkter/26730-gastro-kitchen-asiatisk-kyllinggryte-fersk-ferdig-/", "kolonial_id": "26730"},
  {"category": "Ferdigsauser", "category_list": ["Alle varer", "Middager og tilbeh\u00f8r", "Ferdigsauser"], "title": "Pesto Alla Genovese", "price": 33.8, "product_variant": "190 g", "quantity_info": [[190.0, "g"]], "image_url": "/media/uploads/public/304/364/967564-d0fb8-product_list.jpg", "unit_price_raw": "kr 177,89 per kg", "product_url": "https://kolonial.no/produkter/15609-barilla-pesto-alla-genovese/", "kolonial_id": "15609"},
  {"category": "Fr\u00f8, n\u00f8tter og t\u00f8rket frukt", "category_list": ["Alle varer", "Frukt og gr\u00f8nt", "Fr\u00f8, n\u00f8tter og t\u00f8rket frukt"], "title": "N\u00f8tte- og Fruktmix", "price": 10.0, "product_variant": "60 g", "quantity_info": [[60.0, "g"]], "image_url": "/media/uploads/public/242/44/968444-93543-product_list.jpg", "unit_price_raw": "kr 166,67 per kg", "product_url": "https://kolonial.no/produkter/23222-rema-1000-notte-og-fruktmix/", "kolonial_id": "23222"},
  {"category": "Middagsbaser", "category_list": ["Alle varer", "Middager og tilbeh\u00f8r", "Middagsbaser"], "title": "Smaksrik Fiskesuppe Base", "price": 30.6, "product_variant": "134 g", "quantity_info": [[134.0, "g"]], "image_url": "/media/uploads/public/157/172/973372-f58f9-product_list.jpg", "unit_price_raw": "kr 228,36 per kg", "product_url": "https://kolonial.no/produkter/27293-toro-smaksrik-fiskesuppe-base/", "kolonial_id": "27293"},
  {"category": "Kj\u00f8kkenredskap", "category_list": ["Alle varer", "Husholdning og tekstil", "Kj\u00f8kkenredskap"], "title": "Lokk til Stor Makrellboks & Stor Leverpostei", "price": 31.8, "product_variant": "2 stk", "quantity_info": [[2.0, "stk"]], "image_url": "/media/uploads/public/0/268/45868-60264-product_list.jpg", "unit_price_raw": "kr 15,90 per stk", "product_url": "https://kolonial.no/produkter/14752-lokk-til-stor-makrellboks-stor-leverpostei/", "kolonial_id": "14752"},
  {"category": "Insektmiddel", "category_list": ["Alle varer", "Husholdning og tekstil", "Insektmiddel"], "title": "Myggspiral", "price": 56.3, "product_variant": "10 stk", "quantity_info": [[10.0, "stk"]], "image_url": "/media/uploads/public/110/318/1007918-224a7-product_list.jpg", "unit_price_raw": "kr 5,63 per stk", "product_url": "https://kolonial.no/produkter/21832-raid-myggspiral-2010-insektmiddel-10-stk/", "kolonial_id": "21832"},
  {"category": "Engangs og Servietter", "category_list": ["Alle varer", "Husholdning og tekstil", "Engangs og Servietter"], "title": "Engangstallerken av Hvetekli", "price": 50.4, "product_variant": "Nedbrytbar, 20 cm, 10 stk", "quantity_info": [[20.0, "cm"], [10.0, "stk"]], "image_url": "/media/uploads/public/339/336/121936-69be0-product_list.jpg", "unit_price_raw": "kr 5,04 per stk", "product_url": "https://kolonial.no/produkter/23178-biotrem-engangstallerken-av-hvetekli-nedbrytbar-20/", "kolonial_id": "23178"},
  {"category": "Poteter", "category_list": ["Alle varer", "Frukt og gr\u00f8nt", "Poteter"], "title": "Bakepotet", "price": 13.2, "product_variant": "Frankrike, 1 stk", "quantity_info": [[1.0, "stk"]], "image_url": "/media/uploads/public/0/24/94024-e665e-product_list.jpg", "unit_price_raw": "kr 35,20 per kg", "product_url": "https://kolonial.no/produkter/19672-bakepotet-frankrike/", "kolonial_id": "19672"},
  {"category": "Salater og k\u00e5l", "category_list": ["Alle varer", "Frukt og gr\u00f8nt", "Salater og k\u00e5l"], "title": "Hodesalat", "price": 27.3, "product_variant": "Spania/ Italia, 1 stk", "quantity_info": [[1.0, "stk"]], "image_url": "/media/uploads/public/104/115/507715-5e05f-product_list.jpg", "unit_price_raw": "kr 151,67 per kg", "product_url": "https://kolonial.no/produkter/26246-hodesalat-italia/", "kolonial_id": "26246"},
  {"category": "Ferdigkuttet frukt og gr\u00f8nt", "category_list": ["Alle varer", "Frukt og gr\u00f8nt", "Ferdigkuttet frukt og gr\u00f8nt"], "title": "Stekemix med Aspargesbrokkoli, Gulrot & L\u00f8k", "price": 35.9, "product_variant": "Fersk, Perfekt til Wok, Kenya, 200 g", "quantity_info": [[200.0, "g"]], "image_url": "/media/uploads/public/73/76/136076-98986-product_list.jpg", "unit_price_raw": "kr 179,50 per kg", "product_url": "https://kolonial.no/produkter/22492-stekemix-med-aspargesbrokkoli-gulrot-lok-fersk-per/", "kolonial_id": "22492"},
  {"category": "Ferdig kuttede salater", "category_list": ["Alle varer", "Frukt og gr\u00f8nt", "Ferdig kuttede salater"], "title": "Salatmix Isberg og Radiccio", "price": 24.9, "product_variant": "Vasket, Norge, 250 g", "quantity_info": [[250.0, "g"]], "image_url": "/media/uploads/public/376/98/720498-50bb1-product_list.jpg", "unit_price_raw": "kr 99,60 per kg", "product_url": "https://kolonial.no/produkter/27702-salatmix-isberg-og-radiccio-vasket-tyskland/", "kolonial_id": "27702"},
  {"category": "Ferdig kuttede salater", "category_list": ["Alle varer", "Frukt og gr\u00f8nt", "Ferdig kuttede salater"], "title": "Spinat Vasket", "price": 24.9, "product_variant": "Norge, 125 g", "quantity_info": [[125.0, "g"]], "image_url": "/media/uploads/public/243/81/720481-a5561-product_list.jpg", "unit_price_raw": "kr 199,20 per kg", "product_url": "https://kolonial.no/produkter/27694-spinat-vasket-tyskland/", "kolonial_id": "27694"},
  {"category": "Gr\u00f8nnsaker", "category_list": ["Alle varer", "Frukt og gr\u00f8nt", "Gr\u00f8nnsaker"], "title": "Fersk Rosenk\u00e5l", "price": 29.9, "product_variant": "Norge, 400 g", "quantity_info": [[400.0, "g"]], "image_url": "/media/uploads/public/0/207/11807-bac4c-product_list.jpg", "unit_price_raw": "kr 74,75 per kg", "product_url": "https://kolonial.no/produkter/9443-rosenkal-norge/", "kolonial_id": "9443"},
  {"category": "Frukt", "category_list": ["Alle varer", "Frukt og gr\u00f8nt", "Frukt"], "title": "\u00d8kologiske Epler", "price": 32.9, "product_variant": "3-4 stk Italia, 400 g", "quantity_info": [[3.0, ""], [4.0, "stkItalia"], [400.0, "g"]], "image_url": "/media/uploads/public/313/371/560771-c17c2-product_list.jpg", "unit_price_raw": "kr 82,25 per kg", "product_url": "https://kolonial.no/produkter/9413-okologiske-epler-italia/", "kolonial_id": "9413"},
  {"category": "Frossen frukt og gr\u00f8nt", "category_list": ["Alle varer", "Frukt og gr\u00f8nt", "Frossen frukt og gr\u00f8nt"], "title": "Erter", "price": 11.1, "product_variant": "350 g", "quantity_info": [[350.0, "g"]], "image_url": "/media/uploads/public/316/38/970438-14e0a-product_list.jpg", "unit_price_raw": "kr 31,71 per kg", "product_url": "https://kolonial.no/produkter/8412-rema-1000-erter-350g/", "kolonial_id": "8412"},
  {"category": "Frossen frukt og gr\u00f8nt", "category_list": ["Alle varer", "Frukt og gr\u00f8nt", "Frossen frukt og gr\u00f8nt"], "title": "Hakket Spinat", "price": 12.8, "product_variant": "450 g", "quantity_info": [[450.0, "g"]], "image_url": "/media/uploads/public/27/261/970661-46d65-product_list.jpg", "unit_price_raw": "kr 28,44 per kg", "product_url": "https://kolonial.no/produkter/8414-rema-1000-hakket-spinat-450g/", "kolonial_id": "8414"},
  {"category": "Middags-kit og gryteretter", "category_list": ["Alle varer", "Middager og tilbeh\u00f8r", "Middags-kit og gryteretter"], "title": "Risengr\u00f8t", "price": 19.8, "product_variant": "258 g", "quantity_info": [[258.0, "g"]], "image_url": "/media/uploads/public/308/96/968096-c8443-product_list.jpg", "unit_price_raw": "kr 76,74 per kg", "product_url": "https://kolonial.no/produkter/10778-toro-risengrot/", "kolonial_id": "10778"},
  {"category": "Ris og gryn", "category_list": ["Alle varer", "Middager og tilbeh\u00f8r", "Ris og gryn"], "title": "Basmatiris", "price": 75.1, "product_variant": "\u00d8kologisk, 700 g", "quantity_info": [[700.0, "g"]], "image_url": "/media/uploads/public/0/87/83287-c8195-product_list.jpg", "unit_price_raw": "kr 107,29 per kg", "product_url": "https://kolonial.no/produkter/20332-helios-basmatiris-okologisk/", "kolonial_id": "20332"},
  {"category": "Posesauser", "category_list": ["Alle varer", "Middager og tilbeh\u00f8r", "Posesauser"], "title": "Fl\u00f8tesaus", "price": 19.1, "product_variant": "50 g", "quantity_info": [[50.0, "g"]], "image_url": "/media/uploads/public/221/290/967490-1c78a-product_list.jpg", "unit_price_raw": "kr 382,00 per kg", "product_url": "https://kolonial.no/produkter/753-toro-flotesaus/", "kolonial_id": "753"},
  {"category": "Middagstilbeh\u00f8r", "category_list": ["Alle varer", "Middager og tilbeh\u00f8r", "Middagstilbeh\u00f8r"], "title": "Sweet & Spicy Byggsalat", "price": 42.5, "product_variant": "390 g", "quantity_info": [[390.0, "g"]], "image_url": "/media/uploads/public/88/282/969882-ee2dc-product_list.jpg", "unit_price_raw": "kr 108,97 per kg", "product_url": "https://kolonial.no/produkter/19276-delikat-sweet-spicy-byggsalat/", "kolonial_id": "19276"},
  {"category": "Lys", "category_list": ["Alle varer", "Husholdning og tekstil", "Lys"], "title": "Telys", "price": 35.8, "product_variant": "6 timer, 40 stk", "quantity_info": [[6.0, "timer"], [40.0, "stk"]], "image_url": "/media/uploads/public/72/336/973936-6ca38-product_list.jpg", "unit_price_raw": "kr 0,90 per stk", "product_url": "https://kolonial.no/produkter/10430-telys-6-timer/", "kolonial_id": "10430"},
  {"category": "Supper", "category_list": ["Alle varer", "Middager og tilbeh\u00f8r", "Supper"], "title": "Suppe med Kylling, Curry & Gr\u00f8nnsaker", "price": 63.6, "product_variant": "500 g", "quantity_info": [[500.0, "g"]], "image_url": "/media/uploads/public/167/109/152109-b6799-product_list.jpg", "unit_price_raw": "kr 127,20 per kg", "product_url": "https://kolonial.no/produkter/15103-mere-suppe-suppe-med-kylling-curry-gronnsaker-500g/", "kolonial_id": "15103"},
  {"category": "Pasta og nudler", "category_list": ["Alle varer", "Middager og tilbeh\u00f8r", "Pasta og nudler"], "title": "Spaghetti", "price": 27.3, "product_variant": "1 kg", "quantity_info": [[1.0, "kg"]], "image_url": "/media/uploads/public/131/33/974033-a2d4e-product_list.jpg", "unit_price_raw": "kr 27,30 per kg", "product_url": "https://kolonial.no/produkter/6934-barilla-spaghetti-1kg/", "kolonial_id": "6934"},
  {"category": "Batterier", "category_list": ["Alle varer", "Husholdning og tekstil", "Batterier"], "title": "Batterier AAA", "price": 22.4, "product_variant": "Alkaliske, 10 stk", "quantity_info": [[10.0, "stk"]], "image_url": "/media/uploads/public/259/209/156609-88174-product_list.jpg", "unit_price_raw": "kr 2,24 per stk", "product_url": "https://kolonial.no/produkter/5179-soft-style-batterier-aaa-alkaliske/", "kolonial_id": "5179"},
  {"category": "Hamburgere", "category_list": ["Alle varer", "Kj\u00f8tt og kylling", "Hamburgere"], "title": "Hamburger med Koriander, Chili og Persille", "price": 150.0, "product_variant": "4 stk x 160g, 640 g", "quantity_info": [[4.0, "stkx"], [160.0, "g"], [640.0, "g"]], "image_url": "/media/uploads/public/0/279/88279-98d4f-product_list.jpg", "unit_price_raw": "kr 234,38 per kg", "product_url": "https://kolonial.no/produkter/20224-strom-larsen-hamburger-med-koriander-chili-og-pers/", "kolonial_id": "20224"},
  {"category": "Hermetisert frukt og gr\u00f8nt", "category_list": ["Alle varer", "Frukt og gr\u00f8nt", "Hermetisert frukt og gr\u00f8nt"], "title": "Mutti Tomater Hele", "price": 22.0, "product_variant": "400 g", "quantity_info": [[400.0, "g"]], "image_url": "/media/uploads/public/233/7/1015207-7287f-product_list.jpg", "unit_price_raw": "kr 55,00 per kg", "product_url": "https://kolonial.no/produkter/9857-mutti-mutti-tomater-hele-400g/", "kolonial_id": "9857"},
  {"category": "Diverse husholdning", "category_list": ["Alle varer", "Husholdning og tekstil", "Diverse husholdning"], "title": "H\u00e5ndklapper", "price": 19.9, "product_variant": "1 stk", "quantity_info": [[1.0, "stk"]], "image_url": "/media/uploads/public/73/96/367696-68946-product_list.jpg", "unit_price_raw": "kr 19,90 per stk", "product_url": "https://kolonial.no/produkter/25737-handklapper/", "kolonial_id": "25737"},
  {"category": "Undert\u00f8y", "category_list": ["Alle varer", "Husholdning og tekstil", "Undert\u00f8y"], "title": "Hold-In 50 den", "price": 96.9, "product_variant": "Sort, Str. 36-40, 1 stk", "quantity_info": [[36.0, ""], [40.1, "stk"]], "image_url": "/media/uploads/public/0/57/30457-99f76-product_list.jpg", "unit_price_raw": "kr 96,90 per stk", "product_url": "https://kolonial.no/produkter/13717-pierre-robert-hold-50-den-sort-str-36-40/", "kolonial_id": "13717"},
  {"category": "Kj\u00f8ttdeig og karbonadedeig", "category_list": ["Alle varer", "Kj\u00f8tt og kylling", "Kj\u00f8ttdeig og karbonadedeig"], "title": "Meatish R\u00e5 Deig", "price": 42.6, "product_variant": "0% Kj\u00f8tt, 400 g", "quantity_info": [[0.0, "Kj\u00f8tt"], [400.0, "g"]], "image_url": "/media/uploads/public/320/365/791165-1bf49-product_list.jpg", "unit_price_raw": "kr 106,50 per kg", "product_url": "https://kolonial.no/produkter/25318-rema-1000-meatish-ra-deig-0-kjott/", "kolonial_id": "25318"},
  {"category": "Urter og spirer", "category_list": ["Alle varer", "Frukt og gr\u00f8nt", "Urter og spirer"], "title": "B\u00f8nnespirer", "price": 21.5, "product_variant": "Norge, 180 g", "quantity_info": [[180.0, "g"]], "image_url": "/media/uploads/public/0/62/92062-807e1-product_list.jpg", "unit_price_raw": "kr 119,44 per kg", "product_url": "https://kolonial.no/produkter/19723-bonnespirer-norge/", "kolonial_id": "19723"},
  {"category": "Svin", "category_list": ["Alle varer", "Kj\u00f8tt og kylling", "Svin"], "title": "Svinefilet Marinert & Krydret", "price": 93.6, "product_variant": "460 g", "quantity_info": [[460.0, "g"]], "image_url": "/media/uploads/public/295/40/134840-1d395-product_list.jpg", "unit_price_raw": "kr 203,48 per kg", "product_url": "https://kolonial.no/produkter/23810-finsbraten-svinefilet-marinert-krydret/", "kolonial_id": "23810"},
  {"category": "Lam og vilt", "category_list": ["Alle varer", "Kj\u00f8tt og kylling", "Lam og vilt"], "title": "Lammecarr\u00e9", "price": 450.0, "product_variant": "Fra New Zealand, Str\u00f8m-Larsen, 1,1 kg", "quantity_info": [[1.1, "kg"]], "image_url": "/media/uploads/public/0/74/66874-5344e-product_list.jpg", "unit_price_raw": "kr 409,09 per kg", "product_url": "https://kolonial.no/produkter/18430-strom-larsen-lammecarre-fra-new-zealand-strom-lars/", "kolonial_id": "18430"},
  {"category": "Ferdige middagsretter", "category_list": ["Alle varer", "Middager og tilbeh\u00f8r", "Ferdige middagsretter"], "title": "Lys Lapskaus", "price": 110.0, "product_variant": "Fiks ferdig, 2 Porsjoner, 800 g", "quantity_info": [[2.0, "Porsjoner"], [800.0, "g"]], "image_url": "/media/uploads/public/373/282/991482-1c096-product_list.jpg", "unit_price_raw": "kr 137,50 per kg", "product_url": "https://kolonial.no/produkter/26735-gastro-kitchen-lys-lapskaus-fersk-ferdig-middag-ti/", "kolonial_id": "26735"},
  {"category": "Ferdige middagsretter", "category_list": ["Alle varer", "Middager og tilbeh\u00f8r", "Ferdige middagsretter"], "title": "Fransk Oksegryte", "price": 150.0, "product_variant": "Fiks ferdig, 2 Porsjoner, 800 g", "quantity_info": [[2.0, "Porsjoner"], [800.0, "g"]], "image_url": "/media/uploads/public/291/276/991476-e83ef-product_list.jpg", "unit_price_raw": "kr 187,50 per kg", "product_url": "https://kolonial.no/produkter/26734-gastro-kitchen-fransk-oksegryte-fersk-ferdig-midda/", "kolonial_id": "26734"},
  {"category": "Ferdigsauser", "category_list": ["Alle varer", "Middager og tilbeh\u00f8r", "Ferdigsauser"], "title": "Basilico", "price": 26.7, "product_variant": "400 g", "quantity_info": [[400.0, "g"]], "image_url": "/media/uploads/public/63/327/967527-95e7d-product_list.jpg", "unit_price_raw": "kr 66,75 per kg", "product_url": "https://kolonial.no/produkter/14545-barilla-basilico/", "kolonial_id": "14545"},
  {"category": "Ferdigsauser", "category_list": ["Alle varer", "Middager og tilbeh\u00f8r", "Ferdigsauser"], "title": "Classico, Italiensk Tomatsaus med Urter", "price": 28.5, "product_variant": "400 g", "quantity_info": [[400.0, "g"]], "image_url": "/media/uploads/public/387/129/964929-6210d-product_list.jpg", "unit_price_raw": "kr 71,25 per kg", "product_url": "https://kolonial.no/produkter/7069-barilla-classico-italiensk-tomatsaus-med-urter/", "kolonial_id": "7069"},
  {"category": "P\u00f8lser", "category_list": ["Alle varer", "Kj\u00f8tt og kylling", "P\u00f8lser"], "title": "Hellstr\u00f8ms Salsiccia R\u00e5", "price": 100.0, "product_variant": "Fra Str\u00f8m-Larsen, 400 g", "quantity_info": [[400.0, "g"]], "image_url": "/media/uploads/public/95/36/402836-be6cd-product_list.jpg", "unit_price_raw": "kr 250,00 per kg", "product_url": "https://kolonial.no/produkter/26084-strom-larsen-hellstroms-salsiccia-ra-fra-strom-lar/", "kolonial_id": "26084"},
  {"category": "Kontor", "category_list": ["Alle varer", "Husholdning og tekstil", "Kontor"], "title": "Kopipapir A4", "price": 55.0, "product_variant": "500 stk", "quantity_info": [[500.0, "stk"]], "image_url": "/media/uploads/public/0/196/45796-dc0ca-product_list.jpg", "unit_price_raw": "kr 0,11 per stk", "product_url": "https://kolonial.no/produkter/14620-kopipapir-a4-500-ark/", "kolonial_id": "14620"},
  {"category": "Fr\u00f8, n\u00f8tter og t\u00f8rket frukt", "category_list": ["Alle varer", "Frukt og gr\u00f8nt", "Fr\u00f8, n\u00f8tter og t\u00f8rket frukt"], "title": "Cashewn\u00f8tter", "price": 11.7, "product_variant": "55 g", "quantity_info": [[55.0, "g"]], "image_url": "/media/uploads/public/94/47/970847-53086-product_list.jpg", "unit_price_raw": "kr 212,73 per kg", "product_url": "https://kolonial.no/produkter/23223-rema-1000-cashewnotter/", "kolonial_id": "23223"},
  {"category": "Fr\u00f8, n\u00f8tter og t\u00f8rket frukt", "category_list": ["Alle varer", "Frukt og gr\u00f8nt", "Fr\u00f8, n\u00f8tter og t\u00f8rket frukt"], "title": "Polly Ovnsristede Mandeler", "price": 38.9, "product_variant": "Sm\u00e5sulten, 125 g", "quantity_info": [[125.0, "g"]], "image_url": "/media/uploads/public/1/35/513635-2d5a6-product_list.jpg", "unit_price_raw": "kr 311,20 per kg", "product_url": "https://kolonial.no/produkter/13489-polly-polly-ovnsristet-mandel-smasulten/", "kolonial_id": "13489"},
  {"category": "Deiger og bunner", "category_list": ["Alle varer", "Br\u00f8d og frokostblandinger", "Deiger og bunner"], "title": "Peppes Originale Pizzabunn", "price": 21.3, "product_variant": "550 g", "quantity_info": [[550.0, "g"]], "image_url": "/media/uploads/public/338/85/969685-889cc-product_list.jpg", "unit_price_raw": "kr 38,73 per kg", "product_url": "https://kolonial.no/produkter/4633-peppes-pizza-peppes-originale-pizzabun-550g/", "kolonial_id": "4633"},
  {"category": "Kj\u00f8ttboller og karbonader", "category_list": ["Alle varer", "Kj\u00f8tt og kylling", "Kj\u00f8ttboller og karbonader"], "title": "Kj\u00f8ttkaker Grove", "price": 57.6, "product_variant": "385 g", "quantity_info": [[385.0, "g"]], "image_url": "/media/uploads/public/211/182/646182-9415c-product_list.jpg", "unit_price_raw": "kr 149,61 per kg", "product_url": "https://kolonial.no/produkter/17917-finsbraten-kjottkaker-grove/", "kolonial_id": "17917"},
  {"category": "Middagsbaser", "category_list": ["Alle varer", "Middager og tilbeh\u00f8r", "Middagsbaser"], "title": "Smaksrik Fl\u00f8tesaus Base", "price": 26.6, "product_variant": "65 g", "quantity_info": [[65.0, "g"]], "image_url": "/media/uploads/public/187/138/973338-453c2-product_list.jpg", "unit_price_raw": "kr 409,23 per kg", "product_url": "https://kolonial.no/produkter/27299-toro-smaksrik-flotesaus-base/", "kolonial_id": "27299"},
  {"category": "Kj\u00f8kkenredskap", "category_list": ["Alle varer", "Husholdning og tekstil", "Kj\u00f8kkenredskap"], "title": "Hackit Kj\u00f8ttdeighakker", "price": 103.5, "product_variant": "Assorterte Farger, 1 stk", "quantity_info": [[1.0, "stk"]], "image_url": "/media/uploads/public/0/253/21853-10784-product_list.jpg", "unit_price_raw": "kr 103,50 per stk", "product_url": "https://kolonial.no/produkter/10184-hackit-kjottdeighakker-assorterte-farger/", "kolonial_id": "10184"},
  {"category": "Engangs og Servietter", "category_list": ["Alle varer", "Husholdning og tekstil", "Engangs og Servietter"], "title": "Engangssk\u00e5l av Hvetekli", "price": 54.6, "product_variant": "Nedbrytbar, 450ml, 20cm, 10 stk", "quantity_info": [[450.0, "ml"], [20.0, "cm"], [10.0, "stk"]], "image_url": "/media/uploads/public/264/335/121935-cd170-product_list.jpg", "unit_price_raw": "kr 5,46 per stk", "product_url": "https://kolonial.no/produkter/23174-biotrem-engangsskal-av-hvetekli-nedbrytbar-450ml-2/", "kolonial_id": "23174"},
  {"category": "Poteter", "category_list": ["Alle varer", "Frukt og gr\u00f8nt", "Poteter"], "title": "Poteter uten Skall, Ferdig Kokt", "price": 100.9, "product_variant": "Norge, 3 kg", "quantity_info": [[3.0, "kg"]], "image_url": "/media/uploads/public/124/128/613328-bbf2e-product_list.jpg", "unit_price_raw": "kr 33,63 per kg", "product_url": "https://kolonial.no/produkter/26471-poteter-uten-skall-ferdig-kokt-norge/", "kolonial_id": "26471"},
  {"category": "Poteter", "category_list": ["Alle varer", "Frukt og gr\u00f8nt", "Poteter"], "title": "S\u00f8tpotet i Beger", "price": 13.7, "product_variant": "USA, 750 g", "quantity_info": [[750.0, "g"]], "image_url": "/media/uploads/public/297/13/726013-fe873-product_list.jpg", "unit_price_raw": "kr 18,27 per kg", "product_url": "https://kolonial.no/produkter/27594-sotpotet-i-beger-usa/", "kolonial_id": "27594"},
  {"category": "Salater og k\u00e5l", "category_list": ["Alle varer", "Frukt og gr\u00f8nt", "Salater og k\u00e5l"], "title": "Frisesalat", "price": 35.9, "product_variant": "Spania/ Italia, 250 g", "quantity_info": [[250.0, "g"]], "image_url": "/media/uploads/public/261/113/507713-749da-product_list.jpg", "unit_price_raw": "kr 143,60 per kg", "product_url": "https://kolonial.no/produkter/26245-frisesalat-italia/", "kolonial_id": "26245"},
  {"category": "Ferdig kuttede salater", "category_list": ["Alle varer", "Frukt og gr\u00f8nt", "Ferdig kuttede salater"], "title": "Isbergmiks", "price": 19.9, "product_variant": "Vasket, Norge, 200 g", "quantity_info": [[200.0, "g"]], "image_url": "/media/uploads/public/91/93/720493-2748b-product_list.jpg", "unit_price_raw": "kr 99,50 per kg", "product_url": "https://kolonial.no/produkter/27701-isbergmiks-vasket-tyskland/", "kolonial_id": "27701"},
  {"category": "Ferdig kuttede salater", "category_list": ["Alle varer", "Frukt og gr\u00f8nt", "Ferdig kuttede salater"], "title": "Salatblanding LUX", "price": 85.9, "product_variant": "Vasket, Spania, 1 kg", "quantity_info": [[1.0, "kg"]], "image_url": "/media/uploads/public/190/37/642837-e562a-product_list.jpg", "unit_price_raw": "kr 85,90 per kg", "product_url": "https://kolonial.no/produkter/19006-salatblanding-lux-spania/", "kolonial_id": "19006"},
  {"category": "Gr\u00f8nnsaker", "category_list": ["Alle varer", "Frukt og gr\u00f8nt", "Gr\u00f8nnsaker"], "title": "Minigulrot", "price": 19.9, "product_variant": "Pose, Norge, 150 g", "quantity_info": [[150.0, "g"]], "image_url": "/media/uploads/public/122/117/374117-bac44-product_list.jpg", "unit_price_raw": "kr 132,67 per kg", "product_url": "https://kolonial.no/produkter/10802-minigulrot-pose-norge/", "kolonial_id": "10802"},
  {"category": "Frukt", "category_list": ["Alle varer", "Frukt og gr\u00f8nt", "Frukt"], "title": "Pink Lady Epler, 6 stk", "price": 37.8, "product_variant": "Chile, 900 g", "quantity_info": [[900.0, "g"]], "image_url": "/media/uploads/public/381/139/619339-50b77-product_list.jpg", "unit_price_raw": "kr 6,30 per stk", "product_url": "https://kolonial.no/produkter/26541-pink-lady-epler-6-stk-Chile/", "kolonial_id": "26541"},
  {"category": "Frossen frukt og gr\u00f8nt", "category_list": ["Alle varer", "Frukt og gr\u00f8nt", "Frossen frukt og gr\u00f8nt"], "title": "Rosenk\u00e5l", "price": 16.9, "product_variant": "600 g", "quantity_info": [[600.0, "g"]], "image_url": "/media/uploads/public/151/338/971138-888c9-product_list.jpg", "unit_price_raw": "kr 28,17 per kg", "product_url": "https://kolonial.no/produkter/8416-rema-1000-rosenkal-600g/", "kolonial_id": "8416"},
  {"category": "Middags-kit og gryteretter", "category_list": ["Alle varer", "Middager og tilbeh\u00f8r", "Middags-kit og gryteretter"], "title": "Tikka Masala Indisk", "price": 53.9, "product_variant": "318 g", "quantity_info": [[318.0, "g"]], "image_url": "/media/uploads/public/320/258/965458-45a74-product_list.jpg", "unit_price_raw": "kr 169,50 per kg", "product_url": "https://kolonial.no/produkter/6355-toro-tikka-masala-indisk/", "kolonial_id": "6355"},
  {"category": "Middags-kit og gryteretter", "category_list": ["Alle varer", "Middager og tilbeh\u00f8r", "Middags-kit og gryteretter"], "title": "Indisk Tandoori Chicken", "price": 52.8, "product_variant": "Kit, 290 g", "quantity_info": [[290.0, "g"]], "image_url": "/media/uploads/public/69/218/967818-b9ebf-product_list.jpg", "unit_price_raw": "kr 182,07 per kg", "product_url": "https://kolonial.no/produkter/745-toro-indisk-tandoori-chicken-kit/", "kolonial_id": "745"},
  {"category": "Ris og gryn", "category_list": ["Alle varer", "Middager og tilbeh\u00f8r", "Ris og gryn"], "title": "Byggris", "price": 29.2, "product_variant": "Boil-in-bag, 300 g", "quantity_info": [[300.0, "g"]], "image_url": "/media/uploads/public/272/129/965329-b69f5-product_list.jpg", "unit_price_raw": "kr 97,33 per kg", "product_url": "https://kolonial.no/produkter/8831-mollerens-byggris-boil-bag/", "kolonial_id": "8831"},
  {"category": "Posesauser", "category_list": ["Alle varer", "Middager og tilbeh\u00f8r", "Posesauser"], "title": "Sjysaus", "price": 15.6, "product_variant": "15 g", "quantity_info": [[15.0, "g"]], "image_url": "/media/uploads/public/83/343/967543-4ea5c-product_list.jpg", "unit_price_raw": "kr 1040,00 per kg", "product_url": "https://kolonial.no/produkter/2551-toro-sjysaus/", "kolonial_id": "2551"},
  {"category": "Middagstilbeh\u00f8r", "category_list": ["Alle varer", "Middager og tilbeh\u00f8r", "Middagstilbeh\u00f8r"], "title": "Potetsalat", "price": 24.3, "product_variant": "500 g", "quantity_info": [[500.0, "g"]], "image_url": "/media/uploads/public/343/20/966420-bc9e5-product_list.jpg", "unit_price_raw": "kr 48,60 per kg", "product_url": "https://kolonial.no/produkter/589-delikat-potetsalat-500g/", "kolonial_id": "589"},
  {"category": "Lys", "category_list": ["Alle varer", "Husholdning og tekstil", "Lys"], "title": "Telys Maxi Champagne", "price": 34.1, "product_variant": "4 stk", "quantity_info": [[4.0, "stk"]], "image_url": "/media/uploads/public/74/212/973412-f7901-product_list.jpg", "unit_price_raw": "kr 8,53 per stk", "product_url": "https://kolonial.no/produkter/10439-telys-maxi-champagne-4-stk/", "kolonial_id": "10439"},
  {"category": "Lys", "category_list": ["Alle varer", "Husholdning og tekstil", "Lys"], "title": "Kronelys Champagne", "price": 39.3, "product_variant": "24 cm, 10 stk", "quantity_info": [[24.0, "cm"], [10.0, "stk"]], "image_url": "/media/uploads/public/0/80/105280-ccf98-product_list.jpg", "unit_price_raw": "kr 3,93 per stk", "product_url": "https://kolonial.no/produkter/11797-kronelys-champagne-24-cm-10-stk/", "kolonial_id": "11797"},
  {"category": "Kylling, kalkun og and", "category_list": ["Alle varer", "Kj\u00f8tt og kylling", "Kylling, kalkun og and"], "title": "Kyllingfilet", "price": 45.2, "product_variant": "Naturell, Strimlet, 300 g", "quantity_info": [[300.0, "g"]], "image_url": "/media/uploads/public/299/13/973613-8e3be-product_list.jpg", "unit_price_raw": "kr 150,67 per kg", "product_url": "https://kolonial.no/produkter/27010-kyllingfilet-naturell-strimlet/", "kolonial_id": "27010"},
  {"category": "Bacon og tilbeh\u00f8r", "category_list": ["Alle varer", "Kj\u00f8tt og kylling", "Bacon og tilbeh\u00f8r"], "title": "Bacon", "price": 36.5, "product_variant": "130 g", "quantity_info": [[130.0, "g"]], "image_url": "/media/uploads/public/0/327/114727-bdcc1-product_list.jpg", "unit_price_raw": "kr 280,77 per kg", "product_url": "https://kolonial.no/produkter/17896-finsbraten-bacon/", "kolonial_id": "17896"},
  {"category": "Aktiviteter for barn", "category_list": ["Alle varer", "Barneprodukter", "Aktiviteter for barn"], "title": "Morsom Fuglerestaurant", "price": 70.0, "product_variant": "Gi fuglene en ekstra fin oppmerksomhet med egen fuglerestaurant, 1 stk", "quantity_info": [[1.0, "stk"]], "image_url": "/media/uploads/public/175/247/614247-65673-product_list.jpg", "unit_price_raw": "kr 70,00 per stk", "product_url": "https://kolonial.no/produkter/25841-morsom-fuglerestaurant-1-stk/", "kolonial_id": "25841"},
  {"category": "Storfe", "category_list": ["Alle varer", "Kj\u00f8tt og kylling", "Storfe"], "title": "Hellstr\u00f8ms Entrecote av Angus", "price": 220.0, "product_variant": "Fra Str\u00f8m-Larsen, 400 g", "quantity_info": [[400.0, "g"]], "image_url": "/media/uploads/public/270/247/374247-83e99-product_list.jpg", "unit_price_raw": "kr 550,00 per kg", "product_url": "https://kolonial.no/produkter/26070-strom-larsen-hellstroms-entrecote-av-angus-fra-str/", "kolonial_id": "26070"},
  {"category": "P\u00f8lsebr\u00f8d, hamburgerbr\u00f8d og boller", "category_list": ["Alle varer", "Br\u00f8d og frokostblandinger", "P\u00f8lsebr\u00f8d, hamburgerbr\u00f8d og boller"], "title": "Lomper Buer", "price": 16.0, "product_variant": "10 stk, 260 g", "quantity_info": [[10.0, "stk"], [260.0, "g"]], "image_url": "/media/uploads/public/223/58/968458-c0e95-product_list.jpg", "unit_price_raw": "kr 61,54 per kg", "product_url": "https://kolonial.no/produkter/11596-buer-lomper-buer-10-stk/", "kolonial_id": "11596"},
  {"category": "Frokostblandinger og gryn", "category_list": ["Alle varer", "Br\u00f8d og frokostblandinger", "Frokostblandinger og gryn"], "title": "Cheerios Multi Frokostblanding", "price": 26.7, "product_variant": "375 g", "quantity_info": [[375.0, "g"]], "image_url": "/media/uploads/public/74/292/971892-9813b-product_list.jpg", "unit_price_raw": "kr 71,20 per kg", "product_url": "https://kolonial.no/produkter/1855-nestle-cheerios-multi-frokostblanding-375g/", "kolonial_id": "1855"},
  {"category": "Bursdag", "category_list": ["Alle varer", "Barneprodukter", "Bursdag"], "title": "Pirat Invitasjoner", "price": 65.9, "product_variant": "Konvolutter Inkludert, 8 stk", "quantity_info": [[8.0, "stk"]], "image_url": "/media/uploads/public/0/215/85015-84857-product_list.jpg", "unit_price_raw": "kr 8,24 per stk", "product_url": "https://kolonial.no/produkter/20710-festligeting-pirat-invitasjoner-konvolutter-inklud/", "kolonial_id": "20710"},
  {"category": "Frosne br\u00f8d og rundstykker", "category_list": ["Alle varer", "Br\u00f8d og frokostblandinger", "Frosne br\u00f8d og rundstykker"], "title": "Gourmet Hvitl\u00f8ksbaguetter", "price": 32.2, "product_variant": "2 stk, 350 g", "quantity_info": [[2.0, "stk"], [350.0, "g"]], "image_url": "/media/uploads/public/221/396/970396-7adf6-product_list.jpg", "unit_price_raw": "kr 92,00 per kg", "product_url": "https://kolonial.no/produkter/21463-hatting-gourmet-hvitloksbag-2-stk/", "kolonial_id": "21463"},
  {"category": "Smokker og t\u00e5teflasker", "category_list": ["Alle varer", "Barneprodukter", "Smokker og t\u00e5teflasker"], "title": "Mam Smokk Original", "price": 79.9, "product_variant": "Tilfeldig farge, 0-6mnd, 2 stk", "quantity_info": [[0.0, ""], [6.0, "mnd"], [2.0, "stk"]], "image_url": "/media/uploads/public/260/68/966068-5214d-product_list.jpg", "unit_price_raw": "kr 39,95 per stk", "product_url": "https://kolonial.no/produkter/5383-mam-mam-smokk-original-assorterte-farger-0-6mnd/", "kolonial_id": "5383"},
  {"category": "Supper", "category_list": ["Alle varer", "Middager og tilbeh\u00f8r", "Supper"], "title": "Suppe med Gulr\u00f8tter, Chili & Ingef\u00e6r", "price": 53.6, "product_variant": "530 g", "quantity_info": [[530.0, "g"]], "image_url": "/media/uploads/public/211/110/152110-86737-product_list.jpg", "unit_price_raw": "kr 101,13 per kg", "product_url": "https://kolonial.no/produkter/15097-mere-suppe-suppe-med-gulrotter-chili-ingefaer-530g/", "kolonial_id": "15097"},
  {"category": "Knekkebr\u00f8d", "category_list": ["Alle varer", "Br\u00f8d og frokostblandinger", "Knekkebr\u00f8d"], "title": "Wasa Husman", "price": 14.2, "product_variant": "520 g", "quantity_info": [[520.0, "g"]], "image_url": "/media/uploads/public/39/114/964914-f4152-product_list.jpg", "unit_price_raw": "kr 27,31 per kg", "product_url": "https://kolonial.no/produkter/1612-wasa-wasa-husman-520g/", "kolonial_id": "1612"},
  {"category": "Langtidsholdbare br\u00f8d", "category_list": ["Alle varer", "Br\u00f8d og frokostblandinger", "Langtidsholdbare br\u00f8d"], "title": "Polarbr\u00f8d Fullkorn", "price": 33.8, "product_variant": "12pk, 450 g", "quantity_info": [[12.0, "pk"], [450.0, "g"]], "image_url": "/media/uploads/public/63/173/966973-a008e-product_list.jpg", "unit_price_raw": "kr 75,11 per kg", "product_url": "https://kolonial.no/produkter/4201-polarbrod-polarbrod-fullkorn-12pk/", "kolonial_id": "4201"},
  {"category": "V\u00e5tservietter og s\u00e5pe", "category_list": ["Alle varer", "Barneprodukter", "V\u00e5tservietter og s\u00e5pe"], "title": "Stellekluter T\u00f8rre", "price": 25.9, "product_variant": "100 stk", "quantity_info": [[100.0, "stk"]], "image_url": "/media/uploads/public/225/169/968169-6194f-product_list.jpg", "unit_price_raw": "kr 0,26 per stk", "product_url": "https://kolonial.no/produkter/13762-rema-1000-stellekluter-torre-100-stk/", "kolonial_id": "13762"},
  {"category": "Pasta og nudler", "category_list": ["Alle varer", "Middager og tilbeh\u00f8r", "Pasta og nudler"], "title": "Tagliatelle", "price": 42.2, "product_variant": "500 g", "quantity_info": [[500.0, "g"]], "image_url": "/media/uploads/public/310/78/974078-31c44-product_list.jpg", "unit_price_raw": "kr 84,40 per kg", "product_url": "https://kolonial.no/produkter/690-barilla-tagliatelle-gul-500g/", "kolonial_id": "690"},
  {"category": "Batterier", "category_list": ["Alle varer", "Husholdning og tekstil", "Batterier"], "title": "Batteri 9V", "price": 21.5, "product_variant": "Alkaliske, 1 stk", "quantity_info": [[1.0, "stk"]], "image_url": "/media/uploads/public/211/208/156608-26f7f-product_list.jpg", "unit_price_raw": "kr 21,50 per stk", "product_url": "https://kolonial.no/produkter/5182-soft-style-batteri-9v-alkaliske/", "kolonial_id": "5182"},
  {"category": "Batterier", "category_list": ["Alle varer", "Husholdning og tekstil", "Batterier"], "title": "Batterier Plus Power", "price": 44.5, "product_variant": "AA, 4 stk", "quantity_info": [[4.0, "stk"]], "image_url": "/media/uploads/public/168/170/965370-fdd31-product_list.jpg", "unit_price_raw": "kr 11,13 per stk", "product_url": "https://kolonial.no/produkter/6613-duracell-batterier-plus-power-aa-4-stk/", "kolonial_id": "6613"},
  {"category": "Hamburgere", "category_list": ["Alle varer", "Kj\u00f8tt og kylling", "Hamburgere"], "title": "Big Beef Burger", "price": 64.9, "product_variant": "360 g", "quantity_info": [[360.0, "g"]], "image_url": "/media/uploads/public/391/110/1004110-f7d4d-product_list.jpg", "unit_price_raw": "kr 180,28 per kg", "product_url": "https://kolonial.no/produkter/16765-nordfjord-big-beef-burger/", "kolonial_id": "16765"},
  {"category": "Hermetisert frukt og gr\u00f8nt", "category_list": ["Alle varer", "Frukt og gr\u00f8nt", "Hermetisert frukt og gr\u00f8nt"], "title": "Tomater Skinnfrie", "price": 10.9, "product_variant": "400 g", "quantity_info": [[400.0, "g"]], "image_url": "/media/uploads/public/358/134/968134-c877f-product_list.jpg", "unit_price_raw": "kr 27,25 per kg", "product_url": "https://kolonial.no/produkter/8903-rema-1000-tomater-skinnfrie-400g/", "kolonial_id": "8903"},
  {"category": "Diverse husholdning", "category_list": ["Alle varer", "Husholdning og tekstil", "Diverse husholdning"], "title": "Fyrstikker", "price": 23.4, "product_variant": "8 stk", "quantity_info": [[8.0, "stk"]], "image_url": "/media/uploads/public/287/392/973992-694f7-product_list.jpg", "unit_price_raw": "kr 2,93 per stk", "product_url": "https://kolonial.no/produkter/8873-nitedals-fyrstikker-8pk/", "kolonial_id": "8873"},
  {"category": "Undert\u00f8y", "category_list": ["Alle varer", "Husholdning og tekstil", "Undert\u00f8y"], "title": "Cotton Boxer White", "price": 87.6, "product_variant": "Medium, 1 stk", "quantity_info": [[1.0, "stk"]], "image_url": "/media/uploads/public/0/142/15742-63689-product_list.jpg", "unit_price_raw": "kr 87,60 per stk", "product_url": "https://kolonial.no/produkter/11092-pierre-robert-cotton-boxer-white-medium/", "kolonial_id": "11092"},
  {"category": "Undert\u00f8y", "category_list": ["Alle varer", "Husholdning og tekstil", "Undert\u00f8y"], "title": "Cotton Boxer Black", "price": 87.6, "product_variant": "Medium, 1 stk", "quantity_info": [[1.0, "stk"]], "image_url": "/media/uploads/public/0/145/15745-8f647-product_list.jpg", "unit_price_raw": "kr 87,60 per stk", "product_url": "https://kolonial.no/produkter/11104-pierre-robert-cotton-boxer-black-medium/", "kolonial_id": "11104"},
  {"category": "Kj\u00f8ttdeig og karbonadedeig", "category_list": ["Alle varer", "Kj\u00f8tt og kylling", "Kj\u00f8ttdeig og karbonadedeig"], "title": "Karbonadedeig av Storfe", "price": 62.2, "product_variant": "5%, 400 g", "quantity_info": [[5.0, ""], [400.0, "g"]], "image_url": "/media/uploads/public/223/200/967000-3d10c-product_list.jpg", "unit_price_raw": "kr 155,50 per kg", "product_url": "https://kolonial.no/produkter/3874-nordfjord-kvernet-deig-5-av-storfe-400g/", "kolonial_id": "3874"},
  {"category": "Urter og spirer", "category_list": ["Alle varer", "Frukt og gr\u00f8nt", "Urter og spirer"], "title": "Sukkerertspirer", "price": 29.0, "product_variant": "Norge, 50 g", "quantity_info": [[50.0, "g"]], "image_url": "/media/uploads/public/379/298/122698-ff590-product_list.jpg", "unit_price_raw": "kr 580,00 per kg", "product_url": "https://kolonial.no/produkter/23155-sukkerertspirer-norge/", "kolonial_id": "23155"},
  {"category": "Svin", "category_list": ["Alle varer", "Kj\u00f8tt og kylling", "Svin"], "title": "Tynnsk\u00e5ret Svinefilet", "price": 59.9, "product_variant": "384 g", "quantity_info": [[384.0, "g"]], "image_url": "/media/uploads/public/338/91/296091-d53c2-product_list.jpg", "unit_price_raw": "kr 155,99 per kg", "product_url": "https://kolonial.no/produkter/25435-nordfjord-tynnskaret-svinefilet/", "kolonial_id": "25435"},
  {"category": "Lam og vilt", "category_list": ["Alle varer", "Kj\u00f8tt og kylling", "Lam og vilt"], "title": "Hjort Grytekj\u00f8tt", "price": 120.0, "product_variant": "Str\u00f8m-Larsen, 500 g", "quantity_info": [[500.0, "g"]], "image_url": "/media/uploads/public/0/212/40212-e4487-product_list.jpg", "unit_price_raw": "kr 240,00 per kg", "product_url": "https://kolonial.no/produkter/15241-strom-larsen-hjort-grytekjott-strom-larsen/", "kolonial_id": "15241"},
  {"category": "Lam og vilt", "category_list": ["Alle varer", "Kj\u00f8tt og kylling", "Lam og vilt"], "title": "Reinsdyr Indrefilet Hel", "price": 814.4, "product_variant": "Str\u00f8m-Larsen, ca. 1 kg", "quantity_info": [[1.0, "kg"]], "image_url": "/media/uploads/public/0/311/67111-f2166-product_list.jpg", "unit_price_raw": "kr 814,40 per kg", "product_url": "https://kolonial.no/produkter/18439-strom-larsen-reinsdyr-indrefilet-hel-strom-larsen/", "kolonial_id": "18439"},
  {"category": "Ferdige middagsretter", "category_list": ["Alle varer", "Middager og tilbeh\u00f8r", "Ferdige middagsretter"], "title": "Lasagne", "price": 109.0, "product_variant": "Fiks ferdig, 2 Porsjoner, 800 g", "quantity_info": [[2.0, "Porsjoner"], [800.0, "g"]], "image_url": "/media/uploads/public/43/277/991477-30581-product_list.jpg", "unit_price_raw": "kr 136,25 per kg", "product_url": "https://kolonial.no/produkter/26729-gastro-kitchen-lasagne-fersk-ferdig-middag-til-2-p/", "kolonial_id": "26729"},
  {"category": "Ferdigsauser", "category_list": ["Alle varer", "Middager og tilbeh\u00f8r", "Ferdigsauser"], "title": "Pastasaus med Basilikum", "price": 40.9, "product_variant": "350 g", "quantity_info": [[350.0, "g"]], "image_url": "/media/uploads/public/238/347/640347-d6188-product_list.jpg", "unit_price_raw": "kr 116,86 per kg", "product_url": "https://kolonial.no/produkter/26978-rummo-pastasaus-med-basilikum/", "kolonial_id": "26978"},
  {"category": "P\u00f8lser", "category_list": ["Alle varer", "Kj\u00f8tt og kylling", "P\u00f8lser"], "title": "Wienerp\u00f8lser", "price": 279.0, "product_variant": "Str\u00f8m-Larsen, 2 kg", "quantity_info": [[2.0, "kg"]], "image_url": "/media/uploads/public/0/254/40254-7dd9e-product_list.jpg", "unit_price_raw": "kr 139,50 per kg", "product_url": "https://kolonial.no/produkter/15238-strom-larsen-wienerpolser-strom-larsen/", "kolonial_id": "15238"},
  {"category": "Kontor", "category_list": ["Alle varer", "Husholdning og tekstil", "Kontor"], "title": "Universallim Scotch", "price": 64.4, "product_variant": "1 stk", "quantity_info": [[1.0, "stk"]], "image_url": "/media/uploads/public/0/292/45892-510b3-product_list.jpg", "unit_price_raw": "kr 64,40 per stk", "product_url": "https://kolonial.no/produkter/14794-universallim-scotch/", "kolonial_id": "14794"},
  {"category": "Fr\u00f8, n\u00f8tter og t\u00f8rket frukt", "category_list": ["Alle varer", "Frukt og gr\u00f8nt", "Fr\u00f8, n\u00f8tter og t\u00f8rket frukt"], "title": "N\u00f8tti Frutti", "price": 43.8, "product_variant": "350g, 0,35 kg", "quantity_info": [[350.0, "g"], [0.35, "kg"]], "image_url": "/media/uploads/public/5/378/967978-e6aab-product_list.jpg", "unit_price_raw": "kr 125,14 per kg", "product_url": "https://kolonial.no/produkter/6037-den-lille-nottefabrikken-notti-frutti-350g/", "kolonial_id": "6037"},
  {"category": "Deiger og bunner", "category_list": ["Alle varer", "Br\u00f8d og frokostblandinger", "Deiger og bunner"], "title": "Tynn & Rund Bunn", "price": 27.7, "product_variant": "230 g", "quantity_info": [[230.0, "g"]], "image_url": "/media/uploads/public/73/70/969670-832b2-product_list.jpg", "unit_price_raw": "kr 120,43 per kg", "product_url": "https://kolonial.no/produkter/18955-peppes-tynn-rund-bunn-230g-0-23-kg/", "kolonial_id": "18955"},
  {"category": "Deiger og bunner", "category_list": ["Alle varer", "Br\u00f8d og frokostblandinger", "Deiger og bunner"], "title": "Glutenfri Bunn", "price": 47.5, "product_variant": "260 g", "quantity_info": [[260.0, "g"]], "image_url": "/media/uploads/public/72/382/968782-3c5fa-product_list.jpg", "unit_price_raw": "kr 182,69 per kg", "product_url": "https://kolonial.no/produkter/16561-peppes-pizza-glutenfri-bunn/", "kolonial_id": "16561"},
  {"category": "Kj\u00f8ttboller og karbonader", "category_list": ["Alle varer", "Kj\u00f8tt og kylling", "Kj\u00f8ttboller og karbonader"], "title": "Pannestekte Kj\u00f8ttkaker", "price": 49.0, "product_variant": "600 g", "quantity_info": [[600.0, "g"]], "image_url": "/media/uploads/public/88/57/617657-fb767-product_list.jpg", "unit_price_raw": "kr 81,67 per kg", "product_url": "https://kolonial.no/produkter/17122-rema-1000-pannestekte-kjottkaker/", "kolonial_id": "17122"},
  {"category": "Middagsbaser", "category_list": ["Alle varer", "Middager og tilbeh\u00f8r", "Middagsbaser"], "title": "Smaksrik Chili Con Carne Base", "price": 30.7, "product_variant": "102 g", "quantity_info": [[102.0, "g"]], "image_url": "/media/uploads/public/351/136/973336-e2906-product_list.jpg", "unit_price_raw": "kr 300,98 per kg", "product_url": "https://kolonial.no/produkter/27294-toro-smaksrik-chili-con-carne-base/", "kolonial_id": "27294"},
  {"category": "Kj\u00f8kkenredskap", "category_list": ["Alle varer", "Husholdning og tekstil", "Kj\u00f8kkenredskap"], "title": "Stekespade Nylon", "price": 34.1, "product_variant": "1 stk", "quantity_info": [[1.0, "stk"]], "image_url": "/media/uploads/public/0/280/23080-f40c2-product_list.jpg", "unit_price_raw": "kr 34,10 per stk", "product_url": "https://kolonial.no/produkter/10202-stekespade-nylon/", "kolonial_id": "10202"},
  {"category": "Kj\u00f8kkenredskap", "category_list": ["Alle varer", "Husholdning og tekstil", "Kj\u00f8kkenredskap"], "title": "Stekespade i Tre", "price": 31.5, "product_variant": "30cm, 1 stk", "quantity_info": [[30.0, "cm"], [1.0, "stk"]], "image_url": "/media/uploads/public/0/343/45943-7af79-product_list.jpg", "unit_price_raw": "kr 31,50 per stk", "product_url": "https://kolonial.no/produkter/14866-stekespade-i-tre-30cm/", "kolonial_id": "14866"},
  {"category": "Engangs og Servietter", "category_list": ["Alle varer", "Husholdning og tekstil", "Engangs og Servietter"], "title": "Kniver av Hvetekli og PLA", "price": 40.9, "product_variant": "Nedbrytbar, 10 stk", "quantity_info": [[10.0, "stk"]], "image_url": "/media/uploads/public/321/257/525457-ab5fa-product_list.jpg", "unit_price_raw": "kr 4,09 per stk", "product_url": "https://kolonial.no/produkter/26373-biotrem-kniver-av-hvetekli-og-pla-nedbrytbar/", "kolonial_id": "26373"},
  {"category": "Engangs og Servietter", "category_list": ["Alle varer", "Husholdning og tekstil", "Engangs og Servietter"], "title": "Servietter Hvite", "price": 34.9, "product_variant": "40 cm, 100 stk", "quantity_info": [[40.0, "cm"], [100.0, "stk"]], "image_url": "/media/uploads/public/85/210/972610-b664c-product_list.jpg", "unit_price_raw": "kr 0,35 per stk", "product_url": "https://kolonial.no/produkter/10313-servietter-hvite-40-cm-100-stk/", "kolonial_id": "10313"},
  {"category": "Salater og k\u00e5l", "category_list": ["Alle varer", "Frukt og gr\u00f8nt", "Salater og k\u00e5l"], "title": "Ruccolasalat", "price": 24.2, "product_variant": "Spania/ Italia, 75 g", "quantity_info": [[75.0, "g"]], "image_url": "/media/uploads/public/0/221/12221-b6947-product_list.jpg", "unit_price_raw": "kr 322,67 per kg", "product_url": "https://kolonial.no/produkter/9425-ruccolasalat-italia/", "kolonial_id": "9425"},
  {"category": "Frossen frukt og gr\u00f8nt", "category_list": ["Alle varer", "Frukt og gr\u00f8nt", "Frossen frukt og gr\u00f8nt"], "title": "Brokkolitopper", "price": 14.8, "product_variant": "450 g", "quantity_info": [[450.0, "g"]], "image_url": "/media/uploads/public/135/43/971643-d7219-product_list.jpg", "unit_price_raw": "kr 32,89 per kg", "product_url": "https://kolonial.no/produkter/8420-rema-1000-broccolitopper/", "kolonial_id": "8420"},
  {"category": "Frossen frukt og gr\u00f8nt", "category_list": ["Alle varer", "Frukt og gr\u00f8nt", "Frossen frukt og gr\u00f8nt"], "title": "Aspargesb\u00f8nner", "price": 15.9, "product_variant": "Fryst, 300 g", "quantity_info": [[300.0, "g"]], "image_url": "/media/uploads/public/257/15/970015-38b24-product_list.jpg", "unit_price_raw": "kr 53,00 per kg", "product_url": "https://kolonial.no/produkter/16374-rema-1000-aspargesbonner-fryst/", "kolonial_id": "16374"},
  {"category": "Middags-kit og gryteretter", "category_list": ["Alle varer", "Middager og tilbeh\u00f8r", "Middags-kit og gryteretter"], "title": "Bali kyllinggryte", "price": 33.8, "product_variant": "71 g", "quantity_info": [[71.0, "g"]], "image_url": "/media/uploads/public/96/189/965389-ba74a-product_list.jpg", "unit_price_raw": "kr 476,06 per kg", "product_url": "https://kolonial.no/produkter/1095-toro-bali-kyllinggryte/", "kolonial_id": "1095"},
  {"category": "Ris og gryn", "category_list": ["Alle varer", "Middager og tilbeh\u00f8r", "Ris og gryn"], "title": "Basmatiris", "price": 53.9, "product_variant": "Boil-in-bag, 1 kg", "quantity_info": [[1.0, "kg"]], "image_url": "/media/uploads/public/280/244/967844-59d9a-product_list.jpg", "unit_price_raw": "kr 53,90 per kg", "product_url": "https://kolonial.no/produkter/13327-rema-1000-basmatiris-boil-bag-1kg/", "kolonial_id": "13327"},
  {"category": "Posesauser", "category_list": ["Alle varer", "Middager og tilbeh\u00f8r", "Posesauser"], "title": "Brun Saus med L\u00f8k", "price": 17.9, "product_variant": "47 g", "quantity_info": [[47.0, "g"]], "image_url": "/media/uploads/public/87/371/967571-e629b-product_list.jpg", "unit_price_raw": "kr 380,85 per kg", "product_url": "https://kolonial.no/produkter/10691-toro-brun-saus-med-lok-47g/", "kolonial_id": "10691"},
  {"category": "Middagstilbeh\u00f8r", "category_list": ["Alle varer", "Middager og tilbeh\u00f8r", "Middagstilbeh\u00f8r"], "title": "Gratinerte Poteter Med Ost", "price": 26.3, "product_variant": "113 g", "quantity_info": [[113.0, "g"]], "image_url": "/media/uploads/public/47/178/965778-8f8a8-product_list.jpg", "unit_price_raw": "kr 232,74 per kg", "product_url": "https://kolonial.no/produkter/5854-mills-gratinerte-poteter-med-ost/", "kolonial_id": "5854"},
  {"category": "Middagstilbeh\u00f8r", "category_list": ["Alle varer", "Middager og tilbeh\u00f8r", "Middagstilbeh\u00f8r"], "title": "Potetstappe Klassisk", "price": 18.6, "product_variant": "90 g", "quantity_info": [[90.0, "g"]], "image_url": "/media/uploads/public/305/169/965769-ccdc4-product_list.jpg", "unit_price_raw": "kr 206,67 per kg", "product_url": "https://kolonial.no/produkter/5851-mills-potetstappe-klassisk/", "kolonial_id": "5851"},
  {"category": "Lys", "category_list": ["Alle varer", "Husholdning og tekstil", "Lys"], "title": "Lysholder Aluminium", "price": 25.7, "product_variant": "24 stk", "quantity_info": [[24.0, "stk"]], "image_url": "/media/uploads/public/0/185/105385-f8251-product_list.jpg", "unit_price_raw": "kr 1,07 per stk", "product_url": "https://kolonial.no/produkter/22669-lysholder-aluminium/", "kolonial_id": "22669"},
  {"category": "N\u00f8tter", "category_list": ["Alle varer", "Snacks og godteri", "N\u00f8tter"], "title": "Sm\u00e5sulten N\u00f8tter & B\u00e6r", "price": 18.1, "product_variant": "70 g", "quantity_info": [[70.0, "g"]], "mix_and_match_discount_raw": "Velg fritt\n                     3 for 2", "image_url": "/media/uploads/public/86/243/972243-521aa-product_list.jpg", "unit_price_raw": "kr 258,57 per kg", "product_url": "https://kolonial.no/produkter/830-polly-smasulten-notter-baer/plukk-og-miks/", "kolonial_id": "plukk"},
  {"category": "Kylling, kalkun og and", "category_list": ["Alle varer", "Kj\u00f8tt og kylling", "Kylling, kalkun og and"], "title": "Kyllingfilet", "price": 64.1, "product_variant": "Naturell, 380 g", "quantity_info": [[380.0, "g"]], "image_url": "/media/uploads/public/358/83/973683-6c1ce-product_list.jpg", "unit_price_raw": "kr 168,68 per kg", "product_url": "https://kolonial.no/produkter/27011-kyllingfilet-fersk-naturell/", "kolonial_id": "27011"},
  {"category": "Kylling, kalkun og and", "category_list": ["Alle varer", "Kj\u00f8tt og kylling", "Kylling, kalkun og and"], "title": "Kyllingfilet", "price": 95.9, "product_variant": "Naturell, 680 g", "quantity_info": [[680.0, "g"]], "image_url": "/media/uploads/public/271/75/973675-f96c4-product_list.jpg", "unit_price_raw": "kr 141,03 per kg", "product_url": "https://kolonial.no/produkter/27012-kyllingfilet-fersk-naturell/", "kolonial_id": "27012"},
  {"category": "Bacon og tilbeh\u00f8r", "category_list": ["Alle varer", "Kj\u00f8tt og kylling", "Bacon og tilbeh\u00f8r"], "title": "Bacon T\u00f8rrsaltet B\u00f8ker\u00f8kt", "price": 41.5, "product_variant": "120 g", "quantity_info": [[120.0, "g"]], "image_url": "/media/uploads/public/0/324/114724-40e9b-product_list.jpg", "unit_price_raw": "kr 345,83 per kg", "product_url": "https://kolonial.no/produkter/22972-finsbraten-bacon-torrsaltet-bokerokt/", "kolonial_id": "22972"},
  {"category": "Aktiviteter for barn", "category_list": ["Alle varer", "Barneprodukter", "Aktiviteter for barn"], "title": "Lag din helt egne rislampe", "price": 126.0, "product_variant": "1 stk", "quantity_info": [[1.0, "stk"]], "image_url": "/media/uploads/public/171/244/614244-a4fbf-product_list.jpg", "unit_price_raw": "kr 126,00 per stk", "product_url": "https://kolonial.no/produkter/25839-kreakid-bursdagsgave-min-egen-rislampe-lag-din-hel/", "kolonial_id": "25839"},
  {"category": "Storfe", "category_list": ["Alle varer", "Kj\u00f8tt og kylling", "Storfe"], "title": "Hellstr\u00f8ms Indrefilet av Angus", "price": 150.0, "product_variant": "Fra Str\u00f8m-Larsen, ca. 200 g", "quantity_info": [[200.0, "g"]], "image_url": "/media/uploads/public/72/84/454484-65bcd-product_list.jpg", "unit_price_raw": "kr 750,00 per kg", "product_url": "https://kolonial.no/produkter/26074-strom-larsen-hellstroms-indrefilet-av-angus-fra-st/", "kolonial_id": "26074"},
  {"category": "Storfe", "category_list": ["Alle varer", "Kj\u00f8tt og kylling", "Storfe"], "title": "Hellstr\u00f8ms Indrefilet av Angus", "price": 260.0, "product_variant": "Fra Str\u00f8m-Larsen, ca. 400 g", "quantity_info": [[400.0, "g"]], "image_url": "/media/uploads/public/145/249/374249-40456-product_list.jpg", "unit_price_raw": "kr 650,00 per kg", "product_url": "https://kolonial.no/produkter/26075-strom-larsen-hellstroms-indrefilet-av-angus-fra-st/", "kolonial_id": "26075"},
  {"category": "P\u00f8lsebr\u00f8d, hamburgerbr\u00f8d og boller", "category_list": ["Alle varer", "Br\u00f8d og frokostblandinger", "P\u00f8lsebr\u00f8d, hamburgerbr\u00f8d og boller"], "title": "Store Speltlomper Buer", "price": 28.8, "product_variant": "8 stk, 270 g", "quantity_info": [[8.0, "stk"], [270.0, "g"]], "image_url": "/media/uploads/public/377/177/972177-ce613-product_list.jpg", "unit_price_raw": "kr 106,67 per kg", "product_url": "https://kolonial.no/produkter/11593-buer-store-speltlomper-buer-8-stk/", "kolonial_id": "11593"},
  {"category": "Frokostblandinger og gryn", "category_list": ["Alle varer", "Br\u00f8d og frokostblandinger", "Frokostblandinger og gryn"], "title": "Cheerios Havre", "price": 31.7, "product_variant": "375 g", "quantity_info": [[375.0, "g"]], "image_url": "/media/uploads/public/42/228/972228-4ecb5-product_list.jpg", "unit_price_raw": "kr 84,53 per kg", "product_url": "https://kolonial.no/produkter/131-nestle-cheerios-havre/", "kolonial_id": "131"},
  {"category": "Bursdag", "category_list": ["Alle varer", "Barneprodukter", "Bursdag"], "title": "Kopper Bl\u00e5", "price": 41.2, "product_variant": "8 stk", "quantity_info": [[8.0, "stk"]], "image_url": "/media/uploads/public/240/22/130422-6f5b6-product_list.jpg", "unit_price_raw": "kr 5,15 per stk", "product_url": "https://kolonial.no/produkter/23567-festligeting-kopper-bla/", "kolonial_id": "23567"},
  {"category": "Frosne br\u00f8d og rundstykker", "category_list": ["Alle varer", "Br\u00f8d og frokostblandinger", "Frosne br\u00f8d og rundstykker"], "title": "Hvitl\u00f8ksbaguetter", "price": 17.7, "product_variant": "2 stk, 350 g", "quantity_info": [[2.0, "stk"], [350.0, "g"]], "image_url": "/media/uploads/public/130/385/972385-7f485-product_list.jpg", "unit_price_raw": "kr 50,57 per kg", "product_url": "https://kolonial.no/produkter/4258-rema-1000-hvitloksbaguetter-2-stk/", "kolonial_id": "4258"},
  {"category": "Smokker og t\u00e5teflasker", "category_list": ["Alle varer", "Barneprodukter", "Smokker og t\u00e5teflasker"], "title": "Narresmokk air", "price": 79.9, "product_variant": "Tilfeldig farge, 6mnd+ silk 2stk, 2 stk", "quantity_info": [[6.0, "mndsilk"], [2.0, "stk"], [2.0, "stk"]], "image_url": "/media/uploads/public/110/63/967263-eb666-product_list.jpg", "unit_price_raw": "kr 39,95 per stk", "product_url": "https://kolonial.no/produkter/800-mam-narresmokk-air-6mnd-silk-2stk/", "kolonial_id": "800"},
  {"category": "Smokker og t\u00e5teflasker", "category_list": ["Alle varer", "Barneprodukter", "Smokker og t\u00e5teflasker"], "title": "Smokk Air Latex", "price": 83.5, "product_variant": "Assortert variant, Fra 16 mnd, 2 stk", "quantity_info": [[16.0, "mnd"], [2.0, "stk"]], "image_url": "/media/uploads/public/126/88/971288-14b3f-product_list.jpg", "unit_price_raw": "kr 41,75 per stk", "product_url": "https://kolonial.no/produkter/23381-mam-smokk-air-latex-assortert-variant-fra-16-mnd/", "kolonial_id": "23381"},
  {"category": "Supper", "category_list": ["Alle varer", "Middager og tilbeh\u00f8r", "Supper"], "title": "Suppe med Blomk\u00e5l, Nepe & Persillerot", "price": 52.9, "product_variant": "530 g", "quantity_info": [[530.0, "g"]], "image_url": "/media/uploads/public/261/111/152111-6c8cb-product_list.jpg", "unit_price_raw": "kr 99,81 per kg", "product_url": "https://kolonial.no/produkter/15106-mere-suppe-suppe-med-blomkal-nepe-persillerot-530g/", "kolonial_id": "15106"},
  {"category": "Knekkebr\u00f8d", "category_list": ["Alle varer", "Br\u00f8d og frokostblandinger", "Knekkebr\u00f8d"], "title": "Havre \u00d8konomi", "price": 32.3, "product_variant": "600 g", "quantity_info": [[600.0, "g"]], "image_url": "/media/uploads/public/378/61/968861-3d5b1-product_list.jpg", "unit_price_raw": "kr 53,83 per kg", "product_url": "https://kolonial.no/produkter/7063-wasa-havre-okonomi-560g/", "kolonial_id": "7063"},
  {"category": "Langtidsholdbare br\u00f8d", "category_list": ["Alle varer", "Br\u00f8d og frokostblandinger", "Langtidsholdbare br\u00f8d"], "title": "Polarbr\u00f8d Havre", "price": 29.5, "product_variant": "12stk, 450 g", "quantity_info": [[12.0, "stk"], [450.0, "g"]], "image_url": "/media/uploads/public/189/110/966910-83e07-product_list.jpg", "unit_price_raw": "kr 65,56 per kg", "product_url": "https://kolonial.no/produkter/67-polarbrod-havre-12stk/", "kolonial_id": "67"},
  {"category": "Langtidsholdbare br\u00f8d", "category_list": ["Alle varer", "Br\u00f8d og frokostblandinger", "Langtidsholdbare br\u00f8d"], "title": "Rundstykker Grove", "price": 10.0, "product_variant": "6x50g, 300 g", "quantity_info": [[6.0, "x"], [50.0, "g"], [300.0, "g"]], "image_url": "/media/uploads/public/174/21/967621-9c200-product_list.jpg", "unit_price_raw": "kr 33,33 per kg", "product_url": "https://kolonial.no/produkter/13375-rema-1000-rundstykker-grove-6x50g/", "kolonial_id": "13375"},
  {"category": "V\u00e5tservietter og s\u00e5pe", "category_list": ["Alle varer", "Barneprodukter", "V\u00e5tservietter og s\u00e5pe"], "title": "V\u00e5tservietter Baby", "price": 29.3, "product_variant": "100 stk", "quantity_info": [[100.0, "stk"]], "image_url": "/media/uploads/public/378/78/969278-57f67-product_list.jpg", "unit_price_raw": "kr 0,29 per stk", "product_url": "https://kolonial.no/produkter/17944-rema-1000-vatservietter-baby/", "kolonial_id": "17944"},
  {"category": "Pasta og nudler", "category_list": ["Alle varer", "Middager og tilbeh\u00f8r", "Pasta og nudler"], "title": "Lasagneplater", "price": 36.6, "product_variant": "500g, 20 stk", "quantity_info": [[500.0, "g"], [20.0, "stk"]], "image_url": "/media/uploads/public/367/22/974022-3f257-product_list.jpg", "unit_price_raw": "kr 1,83 per stk", "product_url": "https://kolonial.no/produkter/701-barilla-lasagne-gul-500g/", "kolonial_id": "701"},
  {"category": "Batterier", "category_list": ["Alle varer", "Husholdning og tekstil", "Batterier"], "title": "Batteri 2032 3V Lithium", "price": 48.9, "product_variant": "2 stk", "quantity_info": [[2.0, "stk"]], "image_url": "/media/uploads/public/315/224/970224-23b09-product_list.jpg", "unit_price_raw": "kr 24,45 per stk", "product_url": "https://kolonial.no/produkter/20932-duracell-batteri-2032-3v-lithium/", "kolonial_id": "20932"},
  {"category": "Hamburgere", "category_list": ["Alle varer", "Kj\u00f8tt og kylling", "Hamburgere"], "title": "Hamburgere", "price": 93.6, "product_variant": "6 stk, 600 g", "quantity_info": [[6.0, "stk"], [600.0, "g"]], "image_url": "/media/uploads/public/296/23/411223-c9bdb-product_list.jpg", "unit_price_raw": "kr 156,00 per kg", "product_url": "https://kolonial.no/produkter/26139-nordfjord-hamburgere-6-stk/", "kolonial_id": "26139"},
  {"category": "Hamburgere", "category_list": ["Alle varer", "Kj\u00f8tt og kylling", "Hamburgere"], "title": "Gildeburger Classic", "price": 96.0, "product_variant": "8 stk i pk, 800 g", "quantity_info": [[8.0, "stkipk"], [800.0, "g"]], "image_url": "/media/uploads/public/199/160/708960-f8abe-product_list.jpg", "unit_price_raw": "kr 120,00 per kg", "product_url": "https://kolonial.no/produkter/27503-gilde-gildeburger-classic/", "kolonial_id": "27503"},
  {"category": "Hermetisert frukt og gr\u00f8nt", "category_list": ["Alle varer", "Frukt og gr\u00f8nt", "Hermetisert frukt og gr\u00f8nt"], "title": "Petti Passata Il Delicato", "price": 29.9, "product_variant": "700 g", "quantity_info": [[700.0, "g"]], "image_url": "/media/uploads/public/24/216/660216-811c0-product_list.jpg", "unit_price_raw": "kr 42,71 per kg", "product_url": "https://kolonial.no/produkter/27151-petti-petti-passata-il-delicato/", "kolonial_id": "27151"},
  {"category": "Diverse husholdning", "category_list": ["Alle varer", "Husholdning og tekstil", "Diverse husholdning"], "title": "Peiskubbe", "price": 74.9, "product_variant": "4 stk", "quantity_info": [[4.0, "stk"]], "image_url": "/media/uploads/public/0/236/47836-7e077-product_list.jpg", "unit_price_raw": "kr 18,73 per stk", "product_url": "https://kolonial.no/produkter/23677-peiskubbe/", "kolonial_id": "23677"},
  {"category": "Undert\u00f8y", "category_list": ["Alle varer", "Husholdning og tekstil", "Undert\u00f8y"], "title": "Basic Socks Black", "price": 68.9, "product_variant": "5 par, Str. 37-40, 5 stk", "quantity_info": [[5.0, "parStr"], [37.0, ""], [40.5, "stk"]], "image_url": "/media/uploads/public/0/76/15676-661a0-product_list.jpg", "unit_price_raw": "kr 13,78 per stk", "product_url": "https://kolonial.no/produkter/11164-pierre-robert-basic-socks-black-5-par-str-37-40/", "kolonial_id": "11164"},
  {"category": "Kj\u00f8ttdeig og karbonadedeig", "category_list": ["Alle varer", "Kj\u00f8tt og kylling", "Kj\u00f8ttdeig og karbonadedeig"], "title": "Kj\u00f8ttdeig av Storfe", "price": 51.1, "product_variant": "14%, 400 g", "quantity_info": [[14.0, ""], [400.0, "g"]], "image_url": "/media/uploads/public/352/385/970785-b7df5-product_list.jpg", "unit_price_raw": "kr 127,75 per kg", "product_url": "https://kolonial.no/produkter/3853-nordfjord-kvernet-deig-av-storfe-14-400g/", "kolonial_id": "3853"},
  {"category": "Kj\u00f8ttdeig og karbonadedeig", "category_list": ["Alle varer", "Kj\u00f8tt og kylling", "Kj\u00f8ttdeig og karbonadedeig"], "title": "Karbonadedeig", "price": 66.8, "product_variant": "5% fett, 400 g", "quantity_info": [[5.0, "fett"], [400.0, "g"]], "image_url": "/media/uploads/public/266/179/979379-23909-product_list.jpg", "unit_price_raw": "kr 167,00 per kg", "product_url": "https://kolonial.no/produkter/949-gilde-karbonadedeig-5-fett-400g/", "kolonial_id": "949"},
  {"category": "Urter og spirer", "category_list": ["Alle varer", "Frukt og gr\u00f8nt", "Urter og spirer"], "title": "Estragon Gourmet", "price": 24.4, "product_variant": "Frisk i Pose, Etiopia, 20 g", "quantity_info": [[20.0, "g"]], "image_url": "/media/uploads/public/0/194/104194-e8d02-product_list.jpg", "unit_price_raw": "kr 1220,00 per kg", "product_url": "https://kolonial.no/produkter/22459-estragon-gourmet-frisk-i-pose/", "kolonial_id": "22459"},
  {"category": "Svin", "category_list": ["Alle varer", "Kj\u00f8tt og kylling", "Svin"], "title": "\u00d8kologisk Svin Ytrefilet", "price": 290.0, "product_variant": "Str\u00f8m-Larsen, Halstenshov G\u00e5rd, 1 kg", "quantity_info": [[1.0, "kg"]], "image_url": "/media/uploads/public/277/311/137911-51c20-product_list.jpg", "unit_price_raw": "kr 290,00 per kg", "product_url": "https://kolonial.no/produkter/23754-strom-larsen-okologisk-svin-ytrefilet-strom-larsen/", "kolonial_id": "23754"},
  {"category": "Svin", "category_list": ["Alle varer", "Kj\u00f8tt og kylling", "Svin"], "title": "Smokey Pulled Pork", "price": 75.5, "product_variant": "550 g", "quantity_info": [[550.0, "g"]], "image_url": "/media/uploads/public/22/374/969974-cd4d2-product_list.jpg", "unit_price_raw": "kr 137,27 per kg", "product_url": "https://kolonial.no/produkter/19420-tulip-smokey-pulled-pork/", "kolonial_id": "19420"},
  {"category": "Lam og vilt", "category_list": ["Alle varer", "Kj\u00f8tt og kylling", "Lam og vilt"], "title": "Reinsdyr Ytrefilet Hel", "price": 799.0, "product_variant": "Str\u00f8m-Larsen ca, 1 kg", "quantity_info": [[1.0, "kg"]], "image_url": "/media/uploads/public/0/314/67114-682e7-product_list.jpg", "unit_price_raw": "kr 799,00 per kg", "product_url": "https://kolonial.no/produkter/18442-strom-larsen-reinsdyr-ytrefilet-hel-strom-larsen/", "kolonial_id": "18442"},
  {"category": "Ferdige middagsretter", "category_list": ["Alle varer", "Middager og tilbeh\u00f8r", "Ferdige middagsretter"], "title": "Kj\u00f8ttboller med Rattatouille", "price": 119.0, "product_variant": "Fiks ferdig, 2 Porsjoner, 800 g", "quantity_info": [[2.0, "Porsjoner"], [800.0, "g"]], "image_url": "/media/uploads/public/141/280/991480-76c8c-product_list.jpg", "unit_price_raw": "kr 148,75 per kg", "product_url": "https://kolonial.no/produkter/28005-gastro-kitchen-kjottboller-med-rattatouille-fersk-/", "kolonial_id": "28005"},
  {"category": "Ferdigsauser", "category_list": ["Alle varer", "Middager og tilbeh\u00f8r", "Ferdigsauser"], "title": "Pastasaus Bolognese", "price": 40.9, "product_variant": "350 g", "quantity_info": [[350.0, "g"]], "image_url": "/media/uploads/public/44/348/640348-3018e-product_list.jpg", "unit_price_raw": "kr 116,86 per kg", "product_url": "https://kolonial.no/produkter/26979-rummo-pastasaus-bolognese/", "kolonial_id": "26979"},
  {"category": "P\u00f8lser", "category_list": ["Alle varer", "Kj\u00f8tt og kylling", "P\u00f8lser"], "title": "P\u00f8lser, Over Oslo med Ramsl\u00f8k", "price": 80.6, "product_variant": "3stk, Str\u00f8m-Larsen, 350 g", "quantity_info": [[3.0, "stkStr\u00f8mLarsen"], [350.0, "g"]], "image_url": "/media/uploads/public/0/260/40260-766c5-product_list.jpg", "unit_price_raw": "kr 230,29 per kg", "product_url": "https://kolonial.no/produkter/15232-strom-larsen-polser-over-oslo-med-ramslok-3stk-str/", "kolonial_id": "15232"},
  {"category": "P\u00f8lser", "category_list": ["Alle varer", "Kj\u00f8tt og kylling", "P\u00f8lser"], "title": "P\u00f8lser Kreolsk Chilli", "price": 80.6, "product_variant": "3stk, Str\u00f8m-Larsen, 350 g", "quantity_info": [[3.0, "stkStr\u00f8mLarsen"], [350.0, "g"]], "image_url": "/media/uploads/public/0/248/40248-60f62-product_list.jpg", "unit_price_raw": "kr 230,29 per kg", "product_url": "https://kolonial.no/produkter/15229-strom-larsen-polser-kreolsk-chilli-3stk-strom-lars/", "kolonial_id": "15229"},
  {"category": "Kontor", "category_list": ["Alle varer", "Husholdning og tekstil", "Kontor"], "title": "Scotch Tape Magic med Holder", "price": 34.3, "product_variant": "15m, 1 stk", "quantity_info": [[15.0, "m"], [1.0, "stk"]], "image_url": "/media/uploads/public/0/107/105307-e47d3-product_list.jpg", "unit_price_raw": "kr 34,30 per stk", "product_url": "https://kolonial.no/produkter/22654-scotch-tape-magic-med-holder-15m/", "kolonial_id": "22654"},
  {"category": "Fr\u00f8, n\u00f8tter og t\u00f8rket frukt", "category_list": ["Alle varer", "Frukt og gr\u00f8nt", "Fr\u00f8, n\u00f8tter og t\u00f8rket frukt"], "title": "Spesial Med Havsalt", "price": 64.4, "product_variant": "270 g", "quantity_info": [[270.0, "g"]], "image_url": "/media/uploads/public/218/377/967977-9250c-product_list.jpg", "unit_price_raw": "kr 238,52 per kg", "product_url": "https://kolonial.no/produkter/6025-den-lille-nottefabrikken-spesial-med-havsalt-270g/", "kolonial_id": "6025"},
  {"category": "Deiger og bunner", "category_list": ["Alle varer", "Br\u00f8d og frokostblandinger", "Deiger og bunner"], "title": "N\u00e5 Italiensk Familiepizzabunn", "price": 35.6, "product_variant": "430 g", "quantity_info": [[430.0, "g"]], "image_url": "/media/uploads/public/0/325/19525-9f2b8-product_list.jpg", "unit_price_raw": "kr 82,79 per kg", "product_url": "https://kolonial.no/produkter/12091-tine-na-italiensk-familiepizzabunn-430g/", "kolonial_id": "12091"},
  {"category": "Kj\u00f8ttboller og karbonader", "category_list": ["Alle varer", "Kj\u00f8tt og kylling", "Kj\u00f8ttboller og karbonader"], "title": "Kj\u00f8ttkaker", "price": 82.7, "product_variant": "16 stk, 800 g", "quantity_info": [[16.0, "stk"], [800.0, "g"]], "image_url": "/media/uploads/public/157/107/973307-f0f94-product_list.jpg", "unit_price_raw": "kr 103,38 per kg", "product_url": "https://kolonial.no/produkter/3655-gilde-kjottkaker-16-stk/", "kolonial_id": "3655"},
  {"category": "Middagsbaser", "category_list": ["Alle varer", "Middager og tilbeh\u00f8r", "Middagsbaser"], "title": "Smaksrik Bolognese Base", "price": 31.8, "product_variant": "112 g", "quantity_info": [[112.0, "g"]], "image_url": "/media/uploads/public/54/175/973375-16ed0-product_list.jpg", "unit_price_raw": "kr 283,93 per kg", "product_url": "https://kolonial.no/produkter/27296-toro-smaksrik-bolognese-base/", "kolonial_id": "27296"},
  {"category": "Kj\u00f8kkenredskap", "category_list": ["Alle varer", "Husholdning og tekstil", "Kj\u00f8kkenredskap"], "title": "Flaskeb\u00f8rste", "price": 22.0, "product_variant": "39cm, 1 stk", "quantity_info": [[39.0, "cm"], [1.0, "stk"]], "image_url": "/media/uploads/public/0/188/105388-dab50-product_list.jpg", "unit_price_raw": "kr 22,00 per stk", "product_url": "https://kolonial.no/produkter/22708-flaskeborste-39cm/", "kolonial_id": "22708"},
  {"category": "Kj\u00f8kkenredskap", "category_list": ["Alle varer", "Husholdning og tekstil", "Kj\u00f8kkenredskap"], "title": "Spiralvisp Nylon", "price": 34.1, "product_variant": "1 stk", "quantity_info": [[1.0, "stk"]], "image_url": "/media/uploads/public/0/159/23359-549a5-product_list.jpg", "unit_price_raw": "kr 34,10 per stk", "product_url": "https://kolonial.no/produkter/10205-spiralvisp-nylon/", "kolonial_id": "10205"},
  {"category": "Engangs og Servietter", "category_list": ["Alle varer", "Husholdning og tekstil", "Engangs og Servietter"], "title": "Servietter Hvit", "price": 25.0, "product_variant": "33 cm, 50 stk", "quantity_info": [[33.0, "cm"], [50.0, "stk"]], "image_url": "/media/uploads/public/0/172/22972-8f3d2-product_list.jpg", "unit_price_raw": "kr 0,50 per stk", "product_url": "https://kolonial.no/produkter/10328-servietter-hvit-33-cm/", "kolonial_id": "10328"},
  {"category": "Engangs og Servietter", "category_list": ["Alle varer", "Husholdning og tekstil", "Engangs og Servietter"], "title": "Servietter Bordpakning", "price": 16.3, "product_variant": "75 stk", "quantity_info": [[75.0, "stk"]], "image_url": "/media/uploads/public/0/250/21850-fd3ae-product_list.jpg", "unit_price_raw": "kr 0,22 per stk", "product_url": "https://kolonial.no/produkter/10334-servietter-bordpakning-75-stk/", "kolonial_id": "10334"},
  {"category": "Salater og k\u00e5l", "category_list": ["Alle varer", "Frukt og gr\u00f8nt", "Salater og k\u00e5l"], "title": "Hjertesalat", "price": 22.9, "product_variant": "Spania/ Italia, 2 stk", "quantity_info": [[2.0, "stk"]], "image_url": "/media/uploads/public/101/83/552083-72b29-product_list.jpg", "unit_price_raw": "kr 114,50 per kg", "product_url": "https://kolonial.no/produkter/9290-hjertesalat-pakke-italia/", "kolonial_id": "9290"},
  {"category": "Salater og k\u00e5l", "category_list": ["Alle varer", "Frukt og gr\u00f8nt", "Salater og k\u00e5l"], "title": "Babyspinat", "price": 18.9, "product_variant": "Uvasket Spania/ Italia, 100 g", "quantity_info": [[100.0, "g"]], "image_url": "/media/uploads/public/206/123/508523-5c342-product_list.jpg", "unit_price_raw": "kr 189,00 per kg", "product_url": "https://kolonial.no/produkter/26252-babyspinat-uvasket-italia/", "kolonial_id": "26252"},
  {"category": "Gr\u00f8nnsaker", "category_list": ["Alle varer", "Frukt og gr\u00f8nt", "Gr\u00f8nnsaker"], "title": "Gulr\u00f8tter 2. Sortering", "price": 18.9, "product_variant": "Danmark, 1 kg", "quantity_info": [[1.0, "kg"]], "image_url": "/media/uploads/public/0/227/3427-ed079-product_list.jpg", "unit_price_raw": "kr 18,90 per kg", "product_url": "https://kolonial.no/produkter/9212-gulrotter-2-sortering-danmark/", "kolonial_id": "9212"},
  {"category": "Gr\u00f8nnsaker", "category_list": ["Alle varer", "Frukt og gr\u00f8nt", "Gr\u00f8nnsaker"], "title": "Tomater, Piccolo", "price": 40.9, "product_variant": "Norge, 200 g", "quantity_info": [[200.0, "g"]], "image_url": "/media/uploads/public/366/51/621251-90912-product_list.jpg", "unit_price_raw": "kr 204,50 per kg", "product_url": "https://kolonial.no/produkter/26694-tomater-ekstra-sote-sma-norge/", "kolonial_id": "26694"},
  {"category": "Frossen frukt og gr\u00f8nt", "category_list": ["Alle varer", "Frukt og gr\u00f8nt", "Frossen frukt og gr\u00f8nt"], "title": "Edamame", "price": 28.1, "product_variant": "400 g", "quantity_info": [[400.0, "g"]], "image_url": "/media/uploads/public/37/260/970260-3b46e-product_list.jpg", "unit_price_raw": "kr 70,25 per kg", "product_url": "https://kolonial.no/produkter/20980-edamame/", "kolonial_id": "20980"},
  {"category": "Middags-kit og gryteretter", "category_list": ["Alle varer", "Middager og tilbeh\u00f8r", "Middags-kit og gryteretter"], "title": "Lasagne Familiepakning", "price": 40.9, "product_variant": "1 stk", "quantity_info": [[1.0, "stk"]], "image_url": "/media/uploads/public/374/178/965378-f5805-product_list.jpg", "unit_price_raw": "kr 40,90 per stk", "product_url": "https://kolonial.no/produkter/6295-toro-lasagne-familiepakning/", "kolonial_id": "6295"},
  {"category": "Ris og gryn", "category_list": ["Alle varer", "Middager og tilbeh\u00f8r", "Ris og gryn"], "title": "Basmatiris Villris", "price": 63.9, "product_variant": "8 x 125g, Boil-in-bag, 1 kg", "quantity_info": [[8.0, "x"], [125.0, "gBoilinbag"], [1.0, "kg"]], "image_url": "/media/uploads/public/111/319/967919-cb205-product_list.jpg", "unit_price_raw": "kr 63,90 per kg", "product_url": "https://kolonial.no/produkter/13054-rema-1000-basmatiris-villris-8-x-125g-boil-bag/", "kolonial_id": "13054"},
  {"category": "Posesauser", "category_list": ["Alle varer", "Middager og tilbeh\u00f8r", "Posesauser"], "title": "Brun saus uten l\u00f8k", "price": 18.1, "product_variant": "44 g", "quantity_info": [[44.0, "g"]], "image_url": "/media/uploads/public/377/294/967494-244e4-product_list.jpg", "unit_price_raw": "kr 411,36 per kg", "product_url": "https://kolonial.no/produkter/759-toro-brun-saus-uten-lok/", "kolonial_id": "759"},
  {"category": "Posesauser", "category_list": ["Alle varer", "Middager og tilbeh\u00f8r", "Posesauser"], "title": "Viltsaus", "price": 18.6, "product_variant": "43 g", "quantity_info": [[43.0, "g"]], "image_url": "/media/uploads/public/49/236/965436-bb61b-product_list.jpg", "unit_price_raw": "kr 432,56 per kg", "product_url": "https://kolonial.no/produkter/707-toro-viltsaus/", "kolonial_id": "707"},
  {"category": "Middagstilbeh\u00f8r", "category_list": ["Alle varer", "Middager og tilbeh\u00f8r", "Middagstilbeh\u00f8r"], "title": "Potetstappe", "price": 37.4, "product_variant": "Hjemmelaget, 450 g", "quantity_info": [[450.0, "g"]], "image_url": "/media/uploads/public/297/95/966895-ddc91-product_list.jpg", "unit_price_raw": "kr 83,11 per kg", "product_url": "https://kolonial.no/produkter/210-nora-potetstappe-hjemmelaget-450g/", "kolonial_id": "210"},
  {"category": "Lys", "category_list": ["Alle varer", "Husholdning og tekstil", "Lys"], "title": "Kubbelys", "price": 34.8, "product_variant": "7x15cm, 1 stk", "quantity_info": [[7.0, "x"], [15.0, "cm"], [1.0, "stk"]], "image_url": "/media/uploads/public/11/392/145992-f707b-product_list.jpg", "unit_price_raw": "kr 34,80 per stk", "product_url": "https://kolonial.no/produkter/22645-kubbelys-7x15cm/", "kolonial_id": "22645"},
  {"category": "Kylling, kalkun og and", "category_list": ["Alle varer", "Kj\u00f8tt og kylling", "Kylling, kalkun og and"], "title": "Kyllingfilet", "price": 129.9, "product_variant": "Naturell, 900 g", "quantity_info": [[900.0, "g"]], "image_url": "/media/uploads/public/113/15/973615-a0177-product_list.jpg", "unit_price_raw": "kr 144,33 per kg", "product_url": "https://kolonial.no/produkter/27013-kyllingfilet-fersk-naturell/", "kolonial_id": "27013"},
  {"category": "Kylling, kalkun og and", "category_list": ["Alle varer", "Kj\u00f8tt og kylling", "Kylling, kalkun og and"], "title": "Kyllingfilet", "price": 134.1, "product_variant": "Naturell, 1,4 kg", "quantity_info": [[1.4, "kg"]], "image_url": "/media/uploads/public/177/14/978414-2dd42-product_list.jpg", "unit_price_raw": "kr 95,79 per kg", "product_url": "https://kolonial.no/produkter/27014-kyllingfilet-fersk-naturell/", "kolonial_id": "27014"},
  {"category": "Bacon og tilbeh\u00f8r", "category_list": ["Alle varer", "Kj\u00f8tt og kylling", "Bacon og tilbeh\u00f8r"], "title": "Bacon", "price": 79.9, "product_variant": "400 g", "quantity_info": [[400.0, "g"]], "image_url": "/media/uploads/public/41/50/134850-4707e-product_list.jpg", "unit_price_raw": "kr 199,75 per kg", "product_url": "https://kolonial.no/produkter/23814-finsbraten-bacon/", "kolonial_id": "23814"},
  {"category": "Aktiviteter for barn", "category_list": ["Alle varer", "Barneprodukter", "Aktiviteter for barn"], "title": "Lag din egen t-skjorte fra verdensrommet (7-8 \u00e5r)", "price": 126.0, "product_variant": "1 stk", "quantity_info": [[1.0, "stk"]], "image_url": "/media/uploads/public/13/251/614251-41557-product_list.jpg", "unit_price_raw": "kr 126,00 per stk", "product_url": "https://kolonial.no/produkter/25840-kreakid-lag-din-egen-t-skjorte-fra-verdensrommet-7/", "kolonial_id": "25840"},
  {"category": "Storfe", "category_list": ["Alle varer", "Kj\u00f8tt og kylling", "Storfe"], "title": "Hellstr\u00f8ms Indrefilet av Angus", "price": 500.0, "product_variant": "Fra Str\u00f8m-Larsen Ca, ca. 800 g", "quantity_info": [[800.0, "g"]], "image_url": "/media/uploads/public/128/85/454485-4a95b-product_list.jpg", "unit_price_raw": "kr 625,00 per kg", "product_url": "https://kolonial.no/produkter/26076-strom-larsen-hellstroms-indrefilet-av-angus-fra-st/", "kolonial_id": "26076"},
  {"category": "P\u00f8lsebr\u00f8d, hamburgerbr\u00f8d og boller", "category_list": ["Alle varer", "Br\u00f8d og frokostblandinger", "P\u00f8lsebr\u00f8d, hamburgerbr\u00f8d og boller"], "title": "Birgers Beste Lefser", "price": 33.2, "product_variant": "5 stk, 5 stk", "quantity_info": [[5.0, "stk"], [5.0, "stk"]], "image_url": "/media/uploads/public/55/49/968849-c29ca-product_list.jpg", "unit_price_raw": "kr 6,64 per stk", "product_url": "https://kolonial.no/produkter/16621-buer-birgers-beste-lefser-5-stk/", "kolonial_id": "16621"},
  {"category": "Frokostblandinger og gryn", "category_list": ["Alle varer", "Br\u00f8d og frokostblandinger", "Frokostblandinger og gryn"], "title": "Crusli Solfrokost", "price": 34.5, "product_variant": "500 g", "quantity_info": [[500.0, "g"]], "image_url": "/media/uploads/public/286/313/973513-c340c-product_list.jpg", "unit_price_raw": "kr 69,00 per kg", "product_url": "https://kolonial.no/produkter/1657-quaker-crusli-solfrokost-650g/", "kolonial_id": "1657"},
  {"category": "Frokostblandinger og gryn", "category_list": ["Alle varer", "Br\u00f8d og frokostblandinger", "Frokostblandinger og gryn"], "title": "Fitness Frokostblanding", "price": 31.6, "product_variant": "375 g", "quantity_info": [[375.0, "g"]], "image_url": "/media/uploads/public/136/378/969578-ce002-product_list.jpg", "unit_price_raw": "kr 84,27 per kg", "product_url": "https://kolonial.no/produkter/1933-nestle-fitness-frokostblanding/", "kolonial_id": "1933"},
  {"category": "Bursdag", "category_list": ["Alle varer", "Barneprodukter", "Bursdag"], "title": "Kopper Rosa", "price": 41.2, "product_variant": "8 stk", "quantity_info": [[8.0, "stk"]], "image_url": "/media/uploads/public/245/16/130416-6fd55-product_list.jpg", "unit_price_raw": "kr 5,15 per stk", "product_url": "https://kolonial.no/produkter/23561-festligeting-kopper-rosa/", "kolonial_id": "23561"},
  {"category": "Frosne br\u00f8d og rundstykker", "category_list": ["Alle varer", "Br\u00f8d og frokostblandinger", "Frosne br\u00f8d og rundstykker"], "title": "Pitabr\u00f8d", "price": 24.8, "product_variant": "Fine, 6stk, 480 g", "quantity_info": [[6.0, "stk"], [480.0, "g"]], "image_url": "/media/uploads/public/100/221/972221-d3920-product_list.jpg", "unit_price_raw": "kr 51,67 per kg", "product_url": "https://kolonial.no/produkter/214-hatting-pitabrod-fine-6stk/", "kolonial_id": "214"},
  {"category": "Frosne br\u00f8d og rundstykker", "category_list": ["Alle varer", "Br\u00f8d og frokostblandinger", "Frosne br\u00f8d og rundstykker"], "title": "Grove Rundstykker", "price": 27.8, "product_variant": "10stk, 600 g", "quantity_info": [[10.0, "stk"], [600.0, "g"]], "image_url": "/media/uploads/public/274/149/186149-603b9-product_list.jpg", "unit_price_raw": "kr 46,33 per kg", "product_url": "https://kolonial.no/produkter/200-hatting-grove-rundstykker-10stk/", "kolonial_id": "200"},
  {"category": "Smokker og t\u00e5teflasker", "category_list": ["Alle varer", "Barneprodukter", "Smokker og t\u00e5teflasker"], "title": "Clip Festesnor", "price": 67.6, "product_variant": "Tilfeldig farge, 1 stk", "quantity_info": [[1.0, "stk"]], "image_url": "/media/uploads/public/325/228/967428-706d3-product_list.jpg", "unit_price_raw": "kr 67,60 per stk", "product_url": "https://kolonial.no/produkter/7549-mam-clip-festesnor-tilfeldig-farge/", "kolonial_id": "7549"},
  {"category": "Supper", "category_list": ["Alle varer", "Middager og tilbeh\u00f8r", "Supper"], "title": "Suppe med Linser, S\u00f8tpotet, Gresskar og Spinat", "price": 52.6, "product_variant": "500 g", "quantity_info": [[500.0, "g"]], "image_url": "/media/uploads/public/344/262/617462-54785-product_list.jpg", "unit_price_raw": "kr 105,20 per kg", "product_url": "https://kolonial.no/produkter/26535-mere-suppe-suppe-med-linser-sotpotet-gresskar-og-s/", "kolonial_id": "26535"},
  {"category": "Knekkebr\u00f8d", "category_list": ["Alle varer", "Br\u00f8d og frokostblandinger", "Knekkebr\u00f8d"], "title": "Knekkebr\u00f8d Urter & havsalt", "price": 38.9, "product_variant": "12 stk", "quantity_info": [[12.0, "stk"]], "image_url": "/media/uploads/public/0/264/24664-973e3-product_list.jpg", "unit_price_raw": "kr 3,24 per stk", "product_url": "https://kolonial.no/produkter/13546-mesterbakeren-knekkebrod-urter-havsalt-12-stk/", "kolonial_id": "13546"},
  {"category": "Langtidsholdbare br\u00f8d", "category_list": ["Alle varer", "Br\u00f8d og frokostblandinger", "Langtidsholdbare br\u00f8d"], "title": "Grovbr\u00f8d", "price": 49.9, "product_variant": "Glutenfri, 500 g", "quantity_info": [[500.0, "g"]], "image_url": "/media/uploads/public/168/121/969321-4fe7f-product_list.jpg", "unit_price_raw": "kr 99,80 per kg", "product_url": "https://kolonial.no/produkter/2503-fria-grovbrod-glutenfri/", "kolonial_id": "2503"},
  {"category": "V\u00e5tservietter og s\u00e5pe", "category_list": ["Alle varer", "Barneprodukter", "V\u00e5tservietter og s\u00e5pe"], "title": "V\u00e5tservietter", "price": 18.5, "product_variant": "25 stk", "quantity_info": [[25.0, "stk"]], "image_url": "/media/uploads/public/258/248/968648-dc728-product_list.jpg", "unit_price_raw": "kr 0,74 per stk", "product_url": "https://kolonial.no/produkter/16287-rema-1000-vatservietter/", "kolonial_id": "16287"},
  {"category": "V\u00e5tservietter og s\u00e5pe", "category_list": ["Alle varer", "Barneprodukter", "V\u00e5tservietter og s\u00e5pe"], "title": "Wipes", "price": 69.4, "product_variant": "4x56stk, 224 stk", "quantity_info": [[4.0, "x"], [56.0, "stk"], [224.0, "stk"]], "image_url": "/media/uploads/public/313/315/971515-792e9-product_list.jpg", "unit_price_raw": "kr 0,31 per stk", "product_url": "https://kolonial.no/produkter/15414-natusan-wipes-4x56stk/", "kolonial_id": "15414"},
  {"category": "Pasta og nudler", "category_list": ["Alle varer", "Middager og tilbeh\u00f8r", "Pasta og nudler"], "title": "Fersk Gr\u00f8nnsaksPasta", "price": 30.1, "product_variant": "Brokkoli & Erter, 250 g", "quantity_info": [[250.0, "g"]], "image_url": "/media/uploads/public/323/174/968174-e7008-product_list.jpg", "unit_price_raw": "kr 120,40 per kg", "product_url": "https://kolonial.no/produkter/14461-toro-fersk-gronnsakspasta-brokkoli-erter-250g/", "kolonial_id": "14461"},
  {"category": "Batterier", "category_list": ["Alle varer", "Husholdning og tekstil", "Batterier"], "title": "Batteri 2025 3V Lithium", "price": 36.8, "product_variant": "2 stk", "quantity_info": [[2.0, "stk"]], "image_url": "/media/uploads/public/387/136/970136-2be76-product_list.jpg", "unit_price_raw": "kr 18,40 per stk", "product_url": "https://kolonial.no/produkter/20926-duracell-batteri-2025-3v-lithium/", "kolonial_id": "20926"},
  {"category": "Hamburgere", "category_list": ["Alle varer", "Kj\u00f8tt og kylling", "Hamburgere"], "title": "Gildeburger Digg Bacon", "price": 112.6, "product_variant": "8 stk i pk, 800 g", "quantity_info": [[8.0, "stkipk"], [800.0, "g"]], "image_url": "/media/uploads/public/96/159/708959-3fdaa-product_list.jpg", "unit_price_raw": "kr 140,75 per kg", "product_url": "https://kolonial.no/produkter/27504-gilde-gildeburger-digg-bacon/", "kolonial_id": "27504"},
  {"category": "Hermetisert frukt og gr\u00f8nt", "category_list": ["Alle varer", "Frukt og gr\u00f8nt", "Hermetisert frukt og gr\u00f8nt"], "title": "Petti Passata Il Delicato", "price": 17.9, "product_variant": "350 g", "quantity_info": [[350.0, "g"]], "image_url": "/media/uploads/public/95/215/660215-b76a7-product_list.jpg", "unit_price_raw": "kr 51,14 per kg", "product_url": "https://kolonial.no/produkter/27150-petti-petti-passata-il-delicato/", "kolonial_id": "27150"},
  {"category": "Diverse husholdning", "category_list": ["Alle varer", "Husholdning og tekstil", "Diverse husholdning"], "title": "Sm\u00e5 Opptenningsfyrstikker", "price": 28.8, "product_variant": "20 stk", "quantity_info": [[20.0, "stk"]], "image_url": "/media/uploads/public/130/155/964155-9049c-product_list.jpg", "unit_price_raw": "kr 1,44 per stk", "product_url": "https://kolonial.no/produkter/24317-nitedals-sma-opptenningsfyrstikker/", "kolonial_id": "24317"},
  {"category": "Undert\u00f8y", "category_list": ["Alle varer", "Husholdning og tekstil", "Undert\u00f8y"], "title": "Hold-In 50 den", "price": 101.6, "product_variant": "Sort, Str. 40-44, 1 stk", "quantity_info": [[40.0, ""], [44.1, "stk"]], "image_url": "/media/uploads/public/0/60/30460-28b2d-product_list.jpg", "unit_price_raw": "kr 101,60 per stk", "product_url": "https://kolonial.no/produkter/13714-pierre-robert-hold-50-den-sort-str-40-44/", "kolonial_id": "13714"},
  {"category": "Kj\u00f8ttdeig og karbonadedeig", "category_list": ["Alle varer", "Kj\u00f8tt og kylling", "Kj\u00f8ttdeig og karbonadedeig"], "title": "Kj\u00f8ttdeig", "price": 51.4, "product_variant": "14% fett, 400 g", "quantity_info": [[14.0, "fett"], [400.0, "g"]], "image_url": "/media/uploads/public/203/177/979377-82662-product_list.jpg", "unit_price_raw": "kr 128,50 per kg", "product_url": "https://kolonial.no/produkter/947-gilde-kjottdeig-14-fett/", "kolonial_id": "947"},
  {"category": "Urter og spirer", "category_list": ["Alle varer", "Frukt og gr\u00f8nt", "Urter og spirer"], "title": "Sitron Timian Gourmet", "price": 20.9, "product_variant": "Frisk i Pose, Etiopia, 20 g", "quantity_info": [[20.0, "g"]], "image_url": "/media/uploads/public/0/185/104185-b38a5-product_list.jpg", "unit_price_raw": "kr 1045,00 per kg", "product_url": "https://kolonial.no/produkter/22441-sitron-timian-gourmet-frisk-i-pose/", "kolonial_id": "22441"},
  {"category": "Svin", "category_list": ["Alle varer", "Kj\u00f8tt og kylling", "Svin"], "title": "Pulled Pork", "price": 80.4, "product_variant": "Svinenakke Langtidskokt, 500 g", "quantity_info": [[500.0, "g"]], "image_url": "/media/uploads/public/156/391/970791-e81ae-product_list.jpg", "unit_price_raw": "kr 160,80 per kg", "product_url": "https://kolonial.no/produkter/22807-nordfjord-pulled-pork-svinenakke-langtidskokt/", "kolonial_id": "22807"},
  {"category": "Svin", "category_list": ["Alle varer", "Kj\u00f8tt og kylling", "Svin"], "title": "Strimlet Svinebiff", "price": 53.9, "product_variant": "400 g", "quantity_info": [[400.0, "g"]], "image_url": "/media/uploads/public/283/180/966180-5e48e-product_list.jpg", "unit_price_raw": "kr 134,75 per kg", "product_url": "https://kolonial.no/produkter/23219-nordfjord-biffstrimler-av-svin/", "kolonial_id": "23219"},
  {"category": "Ferdige middagsretter", "category_list": ["Alle varer", "Middager og tilbeh\u00f8r", "Ferdige middagsretter"], "title": "Chili Con Carne", "price": 129.0, "product_variant": "Fiks ferdig, 2 Porsjoner, 800 g", "quantity_info": [[2.0, "Porsjoner"], [800.0, "g"]], "image_url": "/media/uploads/public/22/278/991478-ba498-product_list.jpg", "unit_price_raw": "kr 161,25 per kg", "product_url": "https://kolonial.no/produkter/26733-gastro-kitchen-chili-con-carne-fersk-ferdig-middag/", "kolonial_id": "26733"},
  {"category": "Ferdigsauser", "category_list": ["Alle varer", "Middager og tilbeh\u00f8r", "Ferdigsauser"], "title": "Tomatsaus", "price": 62.8, "product_variant": "med solt\u00f8rket tomat og basilikum, 390 g", "quantity_info": [[390.0, "g"]], "image_url": "/media/uploads/public/0/61/2461-f1160-product_list.jpg", "unit_price_raw": "kr 161,03 per kg", "product_url": "https://kolonial.no/produkter/2134-superbra-tomatsaus-med-soltorket-tomat-og-basiliku/", "kolonial_id": "2134"},
  {"category": "P\u00f8lser", "category_list": ["Alle varer", "Kj\u00f8tt og kylling", "P\u00f8lser"], "title": "Lammep\u00f8lser", "price": 80.6, "product_variant": "3 stk, Str\u00f8m-Larsen, 350 g", "quantity_info": [[3.0, "stkStr\u00f8mLarsen"], [350.0, "g"]], "image_url": "/media/uploads/public/0/251/40251-e13db-product_list.jpg", "unit_price_raw": "kr 230,29 per kg", "product_url": "https://kolonial.no/produkter/15226-strom-larsen-lammepolser-3-stk-strom-larsen/", "kolonial_id": "15226"},
  {"category": "P\u00f8lser", "category_list": ["Alle varer", "Kj\u00f8tt og kylling", "P\u00f8lser"], "title": "Ostep\u00f8lser med Chili", "price": 80.6, "product_variant": "3stk, Str\u00f8m-Larsen, 350 g", "quantity_info": [[3.0, "stkStr\u00f8mLarsen"], [350.0, "g"]], "image_url": "/media/uploads/public/0/230/40230-f99dc-product_list.jpg", "unit_price_raw": "kr 230,29 per kg", "product_url": "https://kolonial.no/produkter/15223-strom-larsen-ostepolser-med-chili-3stk-strom-larse/", "kolonial_id": "15223"},
  {"category": "Kontor", "category_list": ["Alle varer", "Husholdning og tekstil", "Kontor"], "title": "Scotch Tape", "price": 34.4, "product_variant": "2 stk", "quantity_info": [[2.0, "stk"]], "image_url": "/media/uploads/public/0/119/105319-f68d8-product_list.jpg", "unit_price_raw": "kr 17,20 per stk", "product_url": "https://kolonial.no/produkter/22672-scotch-tape/", "kolonial_id": "22672"},
  {"category": "Fr\u00f8, n\u00f8tter og t\u00f8rket frukt", "category_list": ["Alle varer", "Frukt og gr\u00f8nt", "Fr\u00f8, n\u00f8tter og t\u00f8rket frukt"], "title": "Polly Pean\u00f8tter", "price": 24.9, "product_variant": "330 g", "quantity_info": [[330.0, "g"]], "image_url": "/media/uploads/public/260/174/968574-f3e1a-product_list.jpg", "unit_price_raw": "kr 75,45 per kg", "product_url": "https://kolonial.no/produkter/9815-polly-polly-peanotter-330g/", "kolonial_id": "9815"},
  {"category": "Deiger og bunner", "category_list": ["Alle varer", "Br\u00f8d og frokostblandinger", "Deiger og bunner"], "title": "Glutenfri Pizzabunn Lettstekt", "price": 47.8, "product_variant": "0,35 kg", "quantity_info": [[0.35, "kg"]], "image_url": "/media/uploads/public/396/233/968633-9450a-product_list.jpg", "unit_price_raw": "kr 136,57 per kg", "product_url": "https://kolonial.no/produkter/15945-brisk-glutenfri-pizzabunn-lettsteikt/", "kolonial_id": "15945"},
  {"category": "Kj\u00f8ttboller og karbonader", "category_list": ["Alle varer", "Kj\u00f8tt og kylling", "Kj\u00f8ttboller og karbonader"], "title": "Kj\u00f8ttkaker", "price": 99.3, "product_variant": "1 kg", "quantity_info": [[1.0, "kg"]], "image_url": "/media/uploads/public/220/253/969453-62b80-product_list.jpg", "unit_price_raw": "kr 99,30 per kg", "product_url": "https://kolonial.no/produkter/18256-nordfjord-kjottkaker/", "kolonial_id": "18256"},
  {"category": "Middagsbaser", "category_list": ["Alle varer", "Middager og tilbeh\u00f8r", "Middagsbaser"], "title": "Smaksrik Viltgryte Base", "price": 30.6, "product_variant": "123 g", "quantity_info": [[123.0, "g"]], "image_url": "/media/uploads/public/345/188/973388-a0bdd-product_list.jpg", "unit_price_raw": "kr 248,78 per kg", "product_url": "https://kolonial.no/produkter/27297-toro-smaksrik-viltgryte-base/", "kolonial_id": "27297"},
  {"category": "Middagsbaser", "category_list": ["Alle varer", "Middager og tilbeh\u00f8r", "Middagsbaser"], "title": "Smaksrik Bearnaise Base", "price": 26.6, "product_variant": "70 g", "quantity_info": [[70.0, "g"]], "image_url": "/media/uploads/public/322/181/973381-fa3d6-product_list.jpg", "unit_price_raw": "kr 380,00 per kg", "product_url": "https://kolonial.no/produkter/27295-toro-smaksrik-bearnaise-base/", "kolonial_id": "27295"},
  {"category": "Kj\u00f8kkenredskap", "category_list": ["Alle varer", "Husholdning og tekstil", "Kj\u00f8kkenredskap"], "title": "Ballongvisp", "price": 46.1, "product_variant": "1 stk", "quantity_info": [[1.0, "stk"]], "image_url": "/media/uploads/public/0/12/46012-d4c04-product_list.jpg", "unit_price_raw": "kr 46,10 per stk", "product_url": "https://kolonial.no/produkter/14971-ballongvisp/", "kolonial_id": "14971"},
  {"category": "Engangs og Servietter", "category_list": ["Alle varer", "Husholdning og tekstil", "Engangs og Servietter"], "title": "Servietter Champagne", "price": 25.7, "product_variant": "50 stk", "quantity_info": [[50.0, "stk"]], "image_url": "/media/uploads/public/89/157/325357-ea7b4-product_list.jpg", "unit_price_raw": "kr 0,51 per stk", "product_url": "https://kolonial.no/produkter/25686-soft-style-servietter-champagne/", "kolonial_id": "25686"},
  {"category": "Engangs og Servietter", "category_list": ["Alle varer", "Husholdning og tekstil", "Engangs og Servietter"], "title": "Vinglass i Plast", "price": 22.7, "product_variant": "180 ml, 6 stk", "quantity_info": [[180.0, "ml"], [6.0, "stk"]], "image_url": "/media/uploads/public/0/244/21844-5c7e7-product_list.jpg", "unit_price_raw": "kr 3,78 per stk", "product_url": "https://kolonial.no/produkter/11758-vinglass-i-plast-180-ml-6-stk/", "kolonial_id": "11758"},
  {"category": "Salater og k\u00e5l", "category_list": ["Alle varer", "Frukt og gr\u00f8nt", "Salater og k\u00e5l"], "title": "Spinat Uvasket", "price": 35.1, "product_variant": "Spania/ Italia, 250 g", "quantity_info": [[250.0, "g"]], "image_url": "/media/uploads/public/300/381/515981-89fde-product_list.jpg", "unit_price_raw": "kr 140,40 per kg", "product_url": "https://kolonial.no/produkter/26340-spinat-uvasket-italia/", "kolonial_id": "26340"},
  {"category": "Salater og k\u00e5l", "category_list": ["Alle varer", "Frukt og gr\u00f8nt", "Salater og k\u00e5l"], "title": "Trippelsalat", "price": 39.9, "product_variant": "Spania/ Italia, 200 g", "quantity_info": [[200.0, "g"]], "image_url": "/media/uploads/public/315/38/642838-f3d1e-product_list.jpg", "unit_price_raw": "kr 199,50 per kg", "product_url": "https://kolonial.no/produkter/10799-trippelsalat-italia/", "kolonial_id": "10799"},
  {"category": "Gr\u00f8nnsaker", "category_list": ["Alle varer", "Frukt og gr\u00f8nt", "Gr\u00f8nnsaker"], "title": "Plommetomat", "price": 33.9, "product_variant": "Holland, 500 g", "quantity_info": [[500.0, "g"]], "image_url": "/media/uploads/public/0/15/94015-c961f-product_list.jpg", "unit_price_raw": "kr 67,80 per kg", "product_url": "https://kolonial.no/produkter/19702-plommetomat-holland/", "kolonial_id": "19702"},
  {"category": "Frukt", "category_list": ["Alle varer", "Frukt og gr\u00f8nt", "Frukt"], "title": "Jordb\u00e6r", "price": 36.9, "product_variant": "i kurv, Egypt, 250 g", "quantity_info": [[250.0, "g"]], "image_url": "/media/uploads/public/194/349/641949-5d67e-product_list.jpg", "unit_price_raw": "kr 147,60 per kg", "product_url": "https://kolonial.no/produkter/27018-jordbaer-i-kurv-belgia/", "kolonial_id": "27018"},
  {"category": "Frossen frukt og gr\u00f8nt", "category_list": ["Alle varer", "Frukt og gr\u00f8nt", "Frossen frukt og gr\u00f8nt"], "title": "Minigulrot", "price": 14.6, "product_variant": "300 g", "quantity_info": [[300.0, "g"]], "image_url": "/media/uploads/public/128/18/971218-cb1b9-product_list.jpg", "unit_price_raw": "kr 48,67 per kg", "product_url": "https://kolonial.no/produkter/8408-rema-1000-minigulrot-300g/", "kolonial_id": "8408"},
  {"category": "Frossen frukt og gr\u00f8nt", "category_list": ["Alle varer", "Frukt og gr\u00f8nt", "Frossen frukt og gr\u00f8nt"], "title": "Brokkoliblanding", "price": 18.3, "product_variant": "500 g", "quantity_info": [[500.0, "g"]], "image_url": "/media/uploads/public/40/135/970935-9fbbd-product_list.jpg", "unit_price_raw": "kr 36,60 per kg", "product_url": "https://kolonial.no/produkter/8400-rema-1000-brokkoliblanding/", "kolonial_id": "8400"},
  {"category": "Middags-kit og gryteretter", "category_list": ["Alle varer", "Middager og tilbeh\u00f8r", "Middags-kit og gryteretter"], "title": "Glutenfri Lasagne", "price": 48.5, "product_variant": "Familiepakning, 325 g", "quantity_info": [[325.0, "g"]], "image_url": "/media/uploads/public/332/130/967330-9ee15-product_list.jpg", "unit_price_raw": "kr 149,23 per kg", "product_url": "https://kolonial.no/produkter/14359-toro-glutenfri-lasagne-familiepakning-325g/", "kolonial_id": "14359"},
  {"category": "Ris og gryn", "category_list": ["Alle varer", "Middager og tilbeh\u00f8r", "Ris og gryn"], "title": "Basmatiris Fullkorn", "price": 78.3, "product_variant": "\u00d8kologisk, 700 g", "quantity_info": [[700.0, "g"]], "image_url": "/media/uploads/public/0/90/83290-e9581-product_list.jpg", "unit_price_raw": "kr 111,86 per kg", "product_url": "https://kolonial.no/produkter/20335-helios-basmatiris-fullkorn-okologisk/", "kolonial_id": "20335"},
  {"category": "Posesauser", "category_list": ["Alle varer", "Middager og tilbeh\u00f8r", "Posesauser"], "title": "R\u00f8dvinsaus Original", "price": 28.6, "product_variant": "31 g", "quantity_info": [[31.0, "g"]], "image_url": "/media/uploads/public/63/351/967551-ea051-product_list.jpg", "unit_price_raw": "kr 922,58 per kg", "product_url": "https://kolonial.no/produkter/10700-toro-rodvinsaus-original-31g/", "kolonial_id": "10700"},
  {"category": "Middagstilbeh\u00f8r", "category_list": ["Alle varer", "Middager og tilbeh\u00f8r", "Middagstilbeh\u00f8r"], "title": "Potetstappe", "price": 31.8, "product_variant": "Norge, 500 g", "quantity_info": [[500.0, "g"]], "image_url": "/media/uploads/public/263/126/613326-38879-product_list.jpg", "unit_price_raw": "kr 63,60 per kg", "product_url": "https://kolonial.no/produkter/17209-potetstappe-norge/", "kolonial_id": "17209"},
  {"category": "Middagstilbeh\u00f8r", "category_list": ["Alle varer", "Middager og tilbeh\u00f8r", "Middagstilbeh\u00f8r"], "title": "Potetmos Med Gressl\u00f8k", "price": 15.3, "product_variant": "90 g", "quantity_info": [[90.0, "g"]], "image_url": "/media/uploads/public/298/173/965773-6a25c-product_list.jpg", "unit_price_raw": "kr 170,00 per kg", "product_url": "https://kolonial.no/produkter/5845-mills-potetmos-med-gresslok/", "kolonial_id": "5845"},
  {"category": "Lys", "category_list": ["Alle varer", "Husholdning og tekstil", "Lys"], "title": "Kubbelys Champagne", "price": 33.1, "product_variant": "7x15 cm, 1 stk", "quantity_info": [[7.0, "x"], [15.0, "cm"], [1.0, "stk"]], "image_url": "/media/uploads/public/0/2/116002-cc75f-product_list.jpg", "unit_price_raw": "kr 33,10 per stk", "product_url": "https://kolonial.no/produkter/10379-kubbelys-champagne-7x15-cm/", "kolonial_id": "10379"},
  {"category": "Kylling, kalkun og and", "category_list": ["Alle varer", "Kj\u00f8tt og kylling", "Kylling, kalkun og and"], "title": "Hel Landkylling", "price": 359.0, "product_variant": "\u00d8kologisk, ca. 2,9 kg", "quantity_info": [[2.9, "kg"]], "image_url": "/media/uploads/public/153/293/971893-49d0b-product_list.jpg", "unit_price_raw": "kr 123,79 per kg", "product_url": "https://kolonial.no/produkter/16558-stanges-gardsprodukter-hel-landkylling-okologisk/", "kolonial_id": "16558"},
  {"category": "Bacon og tilbeh\u00f8r", "category_list": ["Alle varer", "Kj\u00f8tt og kylling", "Bacon og tilbeh\u00f8r"], "title": "Strynbacon", "price": 31.7, "product_variant": "150 g", "quantity_info": [[150.0, "g"]], "image_url": "/media/uploads/public/184/310/523510-43145-product_list.jpg", "unit_price_raw": "kr 211,33 per kg", "product_url": "https://kolonial.no/produkter/4735-nordfjord-strynbacon-150g/", "kolonial_id": "4735"},
  {"category": "Morsmelkerstatning", "category_list": ["Alle varer", "Barneprodukter", "Morsmelkerstatning"], "title": "NAN Pro 1", "price": 105.9, "product_variant": "Fra f\u00f8dselen, HMO, 700 g", "quantity_info": [[700.0, "g"]], "image_url": "/media/uploads/public/201/369/996369-88281-product_list.jpg", "unit_price_raw": "kr 151,29 per kg", "product_url": "https://kolonial.no/produkter/768-nestle-nan-pro-1-fra-fodselen-hmo/", "kolonial_id": "768"},
  {"category": "Smoothie, yoghurt og mellomm\u00e5ltid", "category_list": ["Alle varer", "Barneprodukter", "Smoothie, yoghurt og mellomm\u00e5ltid"], "title": "Lev Vel Smoothie Jordb\u00e6r & Bj\u00f8rneb\u00e6r", "price": 12.4, "product_variant": "Fra 6 mnd, 90 g", "quantity_info": [[6.0, "mnd"], [90.0, "g"]], "image_url": "/media/uploads/public/158/164/969364-9f55f-product_list.jpg", "unit_price_raw": "kr 137,78 per kg", "product_url": "https://kolonial.no/produkter/17962-rema-1000-lev-vel-smoothie-jordbaer-bjornebaer-fra/", "kolonial_id": "17962"},
  {"category": "Middagsglass", "category_list": ["Alle varer", "Barneprodukter", "Middagsglass"], "title": "Min f\u00f8rste gulrot & potet", "price": 19.1, "product_variant": "4 mnd, 125 g", "quantity_info": [[4.0, "mnd"], [125.0, "g"]], "image_url": "/media/uploads/public/36/378/973978-29974-product_list.jpg", "unit_price_raw": "kr 152,80 per kg", "product_url": "https://kolonial.no/produkter/1061-nestle-min-forste-gulrot-potet-4-mnd-125g/", "kolonial_id": "1061"},
  {"category": "Julens middagstilbeh\u00f8r", "category_list": ["Alle varer", "Middager og tilbeh\u00f8r", "Julens middagstilbeh\u00f8r"], "title": "Agurker Skivede", "price": 45.1, "product_variant": "850 g", "quantity_info": [[850.0, "g"]], "image_url": "/media/uploads/public/327/12/965212-b268c-product_list.jpg", "unit_price_raw": "kr 53,06 per kg", "product_url": "https://kolonial.no/produkter/6538-nora-agurker-skivede-850g/", "kolonial_id": "6538"},
  {"category": "Poser og folie", "category_list": ["Alle varer", "Husholdning og tekstil", "Poser og folie"], "title": "Stor sekk til panteflasker", "price": 12.9, "product_variant": "Rull, 5 stk", "quantity_info": [[5.0, "stk"]], "image_url": "/media/uploads/public/133/304/991904-3a213-product_list.jpg", "unit_price_raw": "kr 2,58 per stk", "product_url": "https://kolonial.no/produkter/23430-pantepose/", "kolonial_id": "23430"},
  {"category": "Rulletobakk", "category_list": ["Alle varer", "Snus og tobakk", "Rulletobakk"], "title": "Big Ben Blad", "price": 14.9, "product_variant": "Sigarettpapir, 50 stk", "quantity_info": [[50.0, "stk"]], "image_url": "https://kolonial.no/static/products/img/placeholder.bffcea8d3530.png", "unit_price_raw": "kr 0,30 per stk", "product_url": "https://kolonial.no/produkter/3967-big-ben-big-ben-blad-sigarettpapir/", "kolonial_id": "3967"},
  {"category": "Skr\u00e5tobakk", "category_list": ["Alle varer", "Snus og tobakk", "Skr\u00e5tobakk"], "title": "Oliver Twist Tropical Skr\u00e5tobakk", "price": 69.9, "product_variant": "1 stk", "quantity_info": [[1.0, "stk"]], "image_url": "https://kolonial.no/static/products/img/placeholder.bffcea8d3530.png", "unit_price_raw": "kr 69,90 per stk", "product_url": "https://kolonial.no/produkter/24332-oliver-twist-oliver-twist-tropical-skratobakk/", "kolonial_id": "24332"},
  {"category": "Gr\u00f8t", "category_list": ["Alle varer", "Barneprodukter", "Gr\u00f8t"], "title": "Risgr\u00f8t Mais & Banan", "price": 40.5, "product_variant": "Fra 4 mnd, 240 g", "quantity_info": [[4.0, "mnd"], [240.0, "g"]], "image_url": "/media/uploads/public/0/379/93979-55eb7-product_list.jpg", "unit_price_raw": "kr 168,75 per kg", "product_url": "https://kolonial.no/produkter/5590-nestle-risgrot-mais-banan-fra-4-mnd/", "kolonial_id": "5590"},
  {"category": "Honning og s\u00f8tp\u00e5legg", "category_list": ["Alle varer", "P\u00e5legg", "Honning og s\u00f8tp\u00e5legg"], "title": "Solsikkehonning", "price": 62.8, "product_variant": "350 g", "quantity_info": [[350.0, "g"]], "image_url": "/media/uploads/public/166/64/1018864-e1b65-product_list.jpg", "unit_price_raw": "kr 179,43 per kg", "product_url": "https://kolonial.no/produkter/17398-honningsentralen-solsikkehonning/", "kolonial_id": "17398"},
  {"category": "Snus", "category_list": ["Alle varer", "Snus og tobakk", "Snus"], "title": "Skruf Fresh #2", "price": 92.9, "product_variant": "White Slim, 16,8 g", "quantity_info": [[16.8, "g"]], "image_url": "https://kolonial.no/static/products/img/placeholder.bffcea8d3530.png", "unit_price_raw": "kr 5529,76 per kg", "product_url": "https://kolonial.no/produkter/4084-skruf-skruf-fresh-2-white-slim/", "kolonial_id": "4084"},
  {"category": "Sigaretter", "category_list": ["Alle varer", "Snus og tobakk", "Sigaretter"], "title": "Marlboro Fuse Beyond", "price": 119.9, "product_variant": "20 stk", "quantity_info": [[20.0, "stk"]], "image_url": "https://kolonial.no/static/products/img/placeholder.bffcea8d3530.png", "unit_price_raw": "kr 6,00 per stk", "product_url": "https://kolonial.no/produkter/3835-marlboro-marlboro-beyond-gold-20-stk/", "kolonial_id": "3835"},
  {"category": "Salatp\u00e5legg", "category_list": ["Alle varer", "P\u00e5legg", "Salatp\u00e5legg"], "title": "Kreolsk Kyllingsalat", "price": 29.3, "product_variant": "200 g", "quantity_info": [[200.0, "g"]], "image_url": "/media/uploads/public/220/166/971366-7489c-product_list.jpg", "unit_price_raw": "kr 146,50 per kg", "product_url": "https://kolonial.no/produkter/5089-salatmestern-kreolsk-kyllingsalat-200g/", "kolonial_id": "5089"},
  {"category": "Leverpostei", "category_list": ["Alle varer", "P\u00e5legg", "Leverpostei"], "title": "Gullpostei", "price": 26.6, "product_variant": "240 g", "quantity_info": [[240.0, "g"]], "image_url": "/media/uploads/public/211/167/639767-53a34-product_list.jpg", "unit_price_raw": "kr 110,83 per kg", "product_url": "https://kolonial.no/produkter/14179-finsbraten-gullpostei-150g/", "kolonial_id": "14179"},
  {"category": "Majones og tubep\u00e5legg", "category_list": ["Alle varer", "P\u00e5legg", "Majones og tubep\u00e5legg"], "title": "Stabbur-makrell", "price": 33.3, "product_variant": "P\u00e5 Tube, 185 g", "quantity_info": [[185.0, "g"]], "image_url": "/media/uploads/public/76/162/966562-769b7-product_list.jpg", "unit_price_raw": "kr 180,00 per kg", "product_url": "https://kolonial.no/produkter/1843-stabburet-stabbur-makrell-pa-tube-185g/", "kolonial_id": "1843"},
  {"category": "Syltet\u00f8y", "category_list": ["Alle varer", "P\u00e5legg", "Syltet\u00f8y"], "title": "Jordb\u00e6rsyltet\u00f8y", "price": 44.9, "product_variant": "R\u00f8rte, frosset, 280 g", "quantity_info": [[280.0, "g"]], "image_url": "/media/uploads/public/374/137/966937-81913-product_list.jpg", "unit_price_raw": "kr 160,36 per kg", "product_url": "https://kolonial.no/produkter/2119-nora-jordbaersyltetoy-rorte-frosset-280g/", "kolonial_id": "2119"},
  {"category": "Fiskep\u00e5legg", "category_list": ["Alle varer", "P\u00e5legg", "Fiskep\u00e5legg"], "title": "Juleansjosfilet", "price": 44.9, "product_variant": "200 g", "quantity_info": [[200.0, "g"]], "image_url": "/media/uploads/public/321/349/637149-77f95-product_list.jpg", "unit_price_raw": "kr 224,50 per kg", "product_url": "https://kolonial.no/produkter/9521-stabburet-juleansjosfilet/", "kolonial_id": "9521"},
  {"category": "Kj\u00f8tt- og kyllingp\u00e5legg", "category_list": ["Alle varer", "P\u00e5legg", "Kj\u00f8tt- og kyllingp\u00e5legg"], "title": "Kokt Skinke", "price": 119.0, "product_variant": "Oppsk\u00e5ret, 500 g", "quantity_info": [[500.0, "g"]], "image_url": "/media/uploads/public/0/274/674-49594-product_list.jpg", "unit_price_raw": "kr 238,00 per kg", "product_url": "https://kolonial.no/produkter/15288-pers-kjokken-kokt-skinke-hotellbrett-oppskaret-500/", "kolonial_id": "15288"},
  {"category": "Spekemat og salami", "category_list": ["Alle varer", "P\u00e5legg", "Spekemat og salami"], "title": "Strandasalami", "price": 54.9, "product_variant": "150 g", "quantity_info": [[150.0, "g"]], "image_url": "/media/uploads/public/273/267/989067-3cc08-product_list.jpg", "unit_price_raw": "kr 366,00 per kg", "product_url": "https://kolonial.no/produkter/27994-grilstad-strandasalami/", "kolonial_id": "27994"},
  {"category": "Fuglemat", "category_list": ["Alle varer", "Dyremat", "Fuglemat"], "title": "Snadder Meiseboller", "price": 13.9, "product_variant": "6 stk, 540 g", "quantity_info": [[6.0, "stk"], [540.0, "g"]], "image_url": "/media/uploads/public/366/124/970524-b0b45-product_list.jpg", "unit_price_raw": "kr 25,74 per kg", "product_url": "https://kolonial.no/produkter/21778-snadder-meiseboller-6-stk/", "kolonial_id": "21778"},
  {"category": "Kattemat", "category_list": ["Alle varer", "Dyremat", "Kattemat"], "title": "Kattemat for steriliserte katter", "price": 73.8, "product_variant": "1,5 kg", "quantity_info": [[1.5, "kg"]], "image_url": "/media/uploads/public/177/90/1010890-b9dd6-product_list.jpg", "unit_price_raw": "kr 49,20 per kg", "product_url": "https://kolonial.no/produkter/5593-friskies-kattemat-steriliserte-katter-15kg/", "kolonial_id": "5593"},
  {"category": "Gnagermat", "category_list": ["Alle varer", "Dyremat", "Gnagermat"], "title": "Festival Woody Spon Burstr\u00f8", "price": 31.8, "product_variant": "1 kg", "quantity_info": [[1.0, "kg"]], "image_url": "/media/uploads/public/63/86/296086-f0217-product_list.jpg", "unit_price_raw": "kr 31,80 per kg", "product_url": "https://kolonial.no/produkter/25448-best-friend-festival-woody-spon-burstro/", "kolonial_id": "25448"},
  {"category": "Fl\u00f8te og r\u00f8mmeprodukter", "category_list": ["Alle varer", "Melk, meieriprodukter og egg", "Fl\u00f8te og r\u00f8mmeprodukter"], "title": "Matfl\u00f8te", "price": 18.7, "product_variant": "0,3 l", "quantity_info": [[0.3, "l"]], "image_url": "/media/uploads/public/0/80/80-23dcf-product_list.jpg", "unit_price_raw": "kr 62,33 per l", "product_url": "https://kolonial.no/produkter/221-tine-matflote-03l/", "kolonial_id": "221"},
  {"category": "Yoghurt", "category_list": ["Alle varer", "Melk, meieriprodukter og egg", "Yoghurt"], "title": "Sprett Yoghurt", "price": 48.6, "product_variant": "Fruktmiks 8 x 125g, 1000 g", "quantity_info": [[8.0, "x"], [125.0, "g"], [1000.0, "g"]], "image_url": "/media/uploads/public/95/9/974009-fa485-product_list.jpg", "unit_price_raw": "kr 48,60 per kg", "product_url": "https://kolonial.no/produkter/1336-tine-sprett-yoghurt-fruktmiks-8-x-125g/", "kolonial_id": "1336"},
  {"category": "Sm\u00f8r og margarin", "category_list": ["Alle varer", "Melk, meieriprodukter og egg", "Sm\u00f8r og margarin"], "title": "Melange Margarin 4 X 100g", "price": 26.6, "product_variant": "400 g", "quantity_info": [[400.0, "g"]], "image_url": "/media/uploads/public/96/341/618341-e9d15-product_list.jpg", "unit_price_raw": "kr 66,50 per kg", "product_url": "https://kolonial.no/produkter/26608-melange-melange-margarin-4-x-100g/", "kolonial_id": "26608"},
  {"category": "Egg", "category_list": ["Alle varer", "Melk, meieriprodukter og egg", "Egg"], "title": "Frokostegg Fra Frittg\u00e5ende H\u00f8ner", "price": 30.1, "product_variant": "Str L, 6 stk", "quantity_info": [[6.0, "stk"]], "image_url": "/media/uploads/public/0/210/8610-a1820-product_list.jpg", "unit_price_raw": "kr 66,89 per kg", "product_url": "https://kolonial.no/produkter/4948-solvinge-frokostegg-fra-frittgaende-honer-str-l-6-/", "kolonial_id": "4948"},
  {"category": "Energidrikk", "category_list": ["Alle varer", "Drikkevarer", "Energidrikk"], "title": "Red Bull", "price": 20.7, "product_variant": "0,25 l", "quantity_info": [[0.25, "l"]], "image_url": "/media/uploads/public/324/335/973935-1c3f7-product_list.jpg", "unit_price_raw": "kr 82,80 per l", "product_url": "https://kolonial.no/produkter/492-red-bull/", "kolonial_id": "492"},
  {"category": "Kakao og sjokoladepulver", "category_list": ["Alle varer", "Drikkevarer", "Kakao og sjokoladepulver"], "title": "Sjokoladedrikk Boks", "price": 53.5, "product_variant": "450 g", "quantity_info": [[450.0, "g"]], "image_url": "/media/uploads/public/121/182/964582-ec644-product_list.jpg", "unit_price_raw": "kr 118,89 per kg", "product_url": "https://kolonial.no/produkter/8948-freia-sjokoladedrikk-boks-450g/", "kolonial_id": "8948"},
  {"category": "Te", "category_list": ["Alle varer", "Drikkevarer", "Te"], "title": "Gr\u00f8nn Te Sitron", "price": 98.5, "product_variant": "50 poser, 50 stk", "quantity_info": [[50.0, "poser"], [50.0, "stk"]], "image_url": "/media/uploads/public/86/335/969535-800e1-product_list.jpg", "unit_price_raw": "kr 1,97 per stk", "product_url": "https://kolonial.no/produkter/5917-twinings-gronn-te-sitron-50-poser/", "kolonial_id": "5917"},
  {"category": "Kaffe", "category_list": ["Alle varer", "Drikkevarer", "Kaffe"], "title": "Frokostkaffe", "price": 32.0, "product_variant": "Filtermalt, 250 g", "quantity_info": [[250.0, "g"]], "image_url": "/media/uploads/public/59/230/971430-a7f52-product_list.jpg", "unit_price_raw": "kr 128,00 per kg", "product_url": "https://kolonial.no/produkter/469-friele-frokostkaffe-filtermalt/", "kolonial_id": "469"},
  {"category": "Iste", "category_list": ["Alle varer", "Drikkevarer", "Iste"], "title": "Iste Sitron", "price": 31.0, "product_variant": "1,5 l", "quantity_info": [[1.5, "l"]], "image_url": "/media/uploads/public/364/227/969427-48e70-product_list.jpg", "unit_price_raw": "kr 20,67 per l", "product_url": "https://kolonial.no/produkter/18238-rema-1000-iste-sitron/", "kolonial_id": "18238"},
  {"category": "Saft", "category_list": ["Alle varer", "Drikkevarer", "Saft"], "title": "Fun Light Bringeb\u00e6r", "price": 37.3, "product_variant": "0,8 l", "quantity_info": [[0.8, "l"]], "image_url": "/media/uploads/public/170/289/969489-c1988-product_list.jpg", "unit_price_raw": "kr 46,63 per l", "product_url": "https://kolonial.no/produkter/443-fun-light-fun-light-bringebaer/", "kolonial_id": "443"},
  {"category": "Smoothie", "category_list": ["Alle varer", "Drikkevarer", "Smoothie"], "title": "Smoothie Jordb\u00e6r, Banan & Guava", "price": 70.9, "product_variant": "6 x 150ml, 900 ml", "quantity_info": [[6.0, "x"], [150.0, "ml"], [900.0, "ml"]], "image_url": "/media/uploads/public/109/344/142344-a92ed-product_list.jpg", "unit_price_raw": "kr 78,78 per l", "product_url": "https://kolonial.no/produkter/24282-froosh-smoothie-jordbaer-banan-guava-6-x-150ml/", "kolonial_id": "24282"},
  {"category": "Juice", "category_list": ["Alle varer", "Drikkevarer", "Juice"], "title": "Eplemost Discovery", "price": 59.9, "product_variant": "0,75 l", "quantity_info": [[0.75, "l"]], "image_url": "/media/uploads/public/102/267/991467-30ad3-product_list.jpg", "unit_price_raw": "kr 79,87 per l", "product_url": "https://kolonial.no/produkter/27984-lien-gard-eplemost-katja/", "kolonial_id": "27984"},
  {"category": "Vann og mineralvann", "category_list": ["Alle varer", "Drikkevarer", "Vann og mineralvann"], "title": "Farris Bris Naturell", "price": 20.8, "product_variant": "1,5 l", "quantity_info": [[1.5, "l"]], "image_url": "/media/uploads/public/0/131/6931-27f9a-product_list.jpg", "unit_price_raw": "kr 13,87 per l", "product_url": "https://kolonial.no/produkter/506-ringnes-farris-bris-naturell-1-5l/", "kolonial_id": "506"},
  {"category": "Julens kj\u00f8tt og kylling", "category_list": ["Alle varer", "Kj\u00f8tt og kylling", "Julens kj\u00f8tt og kylling"], "title": "Pinnekj\u00f8tt Kj\u00f8ttfullt Lam", "price": 299.0, "product_variant": "Av Lammesadel, ca. 1 kg", "quantity_info": [[1.0, "kg"]], "image_url": "/media/uploads/public/314/93/133293-6d303-product_list.jpg", "unit_price_raw": "kr 299,00 per kg", "product_url": "https://kolonial.no/produkter/23678-spekeloftet-pinnekjott-kjottfullt-lam/", "kolonial_id": "23678"},
  {"category": "Sm\u00f8reost og prim", "category_list": ["Alle varer", "Oster", "Sm\u00f8reost og prim"], "title": "Philadelphia Original", "price": 31.9, "product_variant": "200 g", "quantity_info": [[200.0, "g"]], "image_url": "/media/uploads/public/92/288/986688-a1ccb-product_list.jpg", "unit_price_raw": "kr 159,50 per kg", "product_url": "https://kolonial.no/produkter/4786-philadelphia-philadelphia-original-300g/", "kolonial_id": "4786"},
  {"category": "Brunost", "category_list": ["Alle varer", "Oster", "Brunost"], "title": "Skivet Gudbrandsdalsost", "price": 23.1, "product_variant": "130 g", "quantity_info": [[130.0, "g"]], "image_url": "/media/uploads/public/19/1/972401-c2281-product_list.jpg", "unit_price_raw": "kr 177,69 per kg", "product_url": "https://kolonial.no/produkter/438-gudbrandsdalsost-skivet/", "kolonial_id": "438"},
  {"category": "Bleier", "category_list": ["Alle varer", "Barneprodukter", "Bleier"], "title": "Libero Touch", "price": 44.3, "product_variant": "Str.1 2-5kg, 22 stk", "quantity_info": [[12.0, ""], [5.0, "kg"], [22.0, "stk"]], "image_url": "/media/uploads/public/22/105/1018905-7fa46-product_list.jpg", "unit_price_raw": "kr 2,01 per stk", "product_url": "https://kolonial.no/produkter/14209-libero-libero-touch-str1-2-5kg/", "kolonial_id": "14209"},
  {"category": "Revet ost", "category_list": ["Alle varer", "Oster", "Revet ost"], "title": "Revet Ost Original", "price": 38.2, "product_variant": "300 g", "quantity_info": [[300.0, "g"]], "image_url": "/media/uploads/public/261/131/966531-dc2d5-product_list.jpg", "unit_price_raw": "kr 127,33 per kg", "product_url": "https://kolonial.no/produkter/161-tine-revet-ost-original/", "kolonial_id": "161"},
  {"category": "Ferske br\u00f8d", "category_list": ["Alle varer", "Br\u00f8d og frokostblandinger", "Ferske br\u00f8d"], "title": "Energi Surdeigsbr\u00f8d", "price": 60.9, "product_variant": "av Spelt, Ferskt, \u00d8kologisk, 770 g", "quantity_info": [[770.0, "g"]], "image_url": "/media/uploads/public/123/376/659176-cae10-product_list.jpg", "unit_price_raw": "kr 79,09 per kg", "product_url": "https://kolonial.no/produkter/16419-brodverket-energi-surdeigsbrod-ferskt-okologisk/", "kolonial_id": "16419"},
  {"category": "Storfe", "category_list": ["Alle varer", "Kj\u00f8tt og kylling", "Storfe"], "title": "Hellstr\u00f8ms Ytrefilet av Angus", "price": 130.0, "product_variant": "Fra Str\u00f8m-Larsen, ca. 200 g", "quantity_info": [[200.0, "g"]], "image_url": "/media/uploads/public/127/252/374252-9061e-product_list.jpg", "unit_price_raw": "kr 650,00 per kg", "product_url": "https://kolonial.no/produkter/26071-strom-larsen-hellstroms-ytrefilet-av-angus-fra-str/", "kolonial_id": "26071"},
  {"category": "Storfe", "category_list": ["Alle varer", "Kj\u00f8tt og kylling", "Storfe"], "title": "Hellstr\u00f8ms Ytrefilet av Angus", "price": 250.0, "product_variant": "Fra Str\u00f8m-Larsen, 400 g", "quantity_info": [[400.0, "g"]], "image_url": "/media/uploads/public/231/86/454486-773da-product_list.jpg", "unit_price_raw": "kr 625,00 per kg", "product_url": "https://kolonial.no/produkter/26073-hellstroms-ytrefilet-av-angus-1-stk/", "kolonial_id": "26073"},
  {"category": "Potter og Vaser", "category_list": ["Alle varer", "Blomster og planter", "Potter og Vaser"], "title": "Potte Hvit 13cm", "price": 100.0, "product_variant": "1 stk", "quantity_info": [[1.0, "stk"]], "image_url": "/media/uploads/public/59/86/992486-e8267-product_list.jpg", "unit_price_raw": "kr 100,00 per stk", "product_url": "https://kolonial.no/produkter/28010-potte-hvit-o-13cm-1-stk/", "kolonial_id": "28010"},
  {"category": "P\u00f8lsebr\u00f8d, hamburgerbr\u00f8d og boller", "category_list": ["Alle varer", "Br\u00f8d og frokostblandinger", "P\u00f8lsebr\u00f8d, hamburgerbr\u00f8d og boller"], "title": "Seterlefser", "price": 27.8, "product_variant": "4 stk, 4 stk", "quantity_info": [[4.0, "stk"], [4.0, "stk"]], "image_url": "/media/uploads/public/102/58/968858-4761a-product_list.jpg", "unit_price_raw": "kr 6,95 per stk", "product_url": "https://kolonial.no/produkter/16615-buer-seterlefser-4-stk/", "kolonial_id": "16615"},
  {"category": "Frokostblandinger og gryn", "category_list": ["Alle varer", "Br\u00f8d og frokostblandinger", "Frokostblandinger og gryn"], "title": "Nesquik Frokostblanding", "price": 43.4, "product_variant": "500 g", "quantity_info": [[500.0, "g"]], "image_url": "/media/uploads/public/145/363/965963-6f176-product_list.jpg", "unit_price_raw": "kr 86,80 per kg", "product_url": "https://kolonial.no/produkter/1930-nestle-nesquik-frokostblanding-500g/", "kolonial_id": "1930"},
  {"category": "Frokostblandinger og gryn", "category_list": ["Alle varer", "Br\u00f8d og frokostblandinger", "Frokostblandinger og gryn"], "title": "Supergranola med Hasseln\u00f8tt & Kokos", "price": 38.4, "product_variant": "450 g", "quantity_info": [[450.0, "g"]], "image_url": "/media/uploads/public/292/59/188059-a4e71-product_list.jpg", "unit_price_raw": "kr 85,33 per kg", "product_url": "https://kolonial.no/produkter/25344-bare-bra-supergranola-med-hasselnott-kokos/", "kolonial_id": "25344"},
  {"category": "Bursdag", "category_list": ["Alle varer", "Barneprodukter", "Bursdag"], "title": "Stor Tallerken Bl\u00e5", "price": 51.5, "product_variant": "8 stk", "quantity_info": [[8.0, "stk"]], "image_url": "/media/uploads/public/177/24/130424-394c8-product_list.jpg", "unit_price_raw": "kr 6,44 per stk", "product_url": "https://kolonial.no/produkter/23569-festligeting-stor-tallerken-bla/", "kolonial_id": "23569"},
  {"category": "Bursdag", "category_list": ["Alle varer", "Barneprodukter", "Bursdag"], "title": "Liten Tallerken Bl\u00e5", "price": 42.1, "product_variant": "8 stk", "quantity_info": [[8.0, "stk"]], "image_url": "/media/uploads/public/372/23/130423-736b6-product_list.jpg", "unit_price_raw": "kr 5,26 per stk", "product_url": "https://kolonial.no/produkter/23568-festligeting-liten-tallerken-bla/", "kolonial_id": "23568"},
  {"category": "Frosne br\u00f8d og rundstykker", "category_list": ["Alle varer", "Br\u00f8d og frokostblandinger", "Frosne br\u00f8d og rundstykker"], "title": "Fine Rundstykker", "price": 33.9, "product_variant": "480 g", "quantity_info": [[480.0, "g"]], "image_url": "/media/uploads/public/158/123/296123-43c84-product_list.jpg", "unit_price_raw": "kr 70,63 per kg", "product_url": "https://kolonial.no/produkter/25425-hatting-fine-rundstykker/", "kolonial_id": "25425"},
  {"category": "Smokker og t\u00e5teflasker", "category_list": ["Alle varer", "Barneprodukter", "Smokker og t\u00e5teflasker"], "title": "Kopp Trainer", "price": 79.5, "product_variant": "Assorterte Farger, 220ml, 1 stk", "quantity_info": [[220.0, "ml"], [1.0, "stk"]], "image_url": "/media/uploads/public/320/117/968917-33aad-product_list.jpg", "unit_price_raw": "kr 79,50 per stk", "product_url": "https://kolonial.no/produkter/16939-mam-kopp-trainer-assorterte-farger-220ml/", "kolonial_id": "16939"},
  {"category": "Smokker og t\u00e5teflasker", "category_list": ["Alle varer", "Barneprodukter", "Smokker og t\u00e5teflasker"], "title": "Kopp Mellomm\u00e5ltid", "price": 73.6, "product_variant": "Assorterte Farger, 1 stk", "quantity_info": [[1.0, "stk"]], "image_url": "/media/uploads/public/76/331/969531-a8948-product_list.jpg", "unit_price_raw": "kr 73,60 per stk", "product_url": "https://kolonial.no/produkter/18511-bambino-kopp-mellommaltid-assorterte-farger/", "kolonial_id": "18511"},
  {"category": "Supper", "category_list": ["Alle varer", "Middager og tilbeh\u00f8r", "Supper"], "title": "Fiskesuppe med Creme Fraiche & Urter", "price": 41.0, "product_variant": "350 g", "quantity_info": [[350.0, "g"]], "image_url": "/media/uploads/public/0/234/28234-88352-product_list.jpg", "unit_price_raw": "kr 117,14 per kg", "product_url": "https://kolonial.no/produkter/13603-fjordland-fiskesuppe-med-creme-fraiche-urter-350g/", "kolonial_id": "13603"},
  {"category": "Knekkebr\u00f8d", "category_list": ["Alle varer", "Br\u00f8d og frokostblandinger", "Knekkebr\u00f8d"], "title": "Knekkebr\u00f8d Original", "price": 37.0, "product_variant": "12 stk", "quantity_info": [[12.0, "stk"]], "image_url": "/media/uploads/public/0/261/24661-dd213-product_list.jpg", "unit_price_raw": "kr 3,08 per stk", "product_url": "https://kolonial.no/produkter/13549-mesterbakeren-knekkebrod-original-12-stk/", "kolonial_id": "13549"},
  {"category": "Langtidsholdbare br\u00f8d", "category_list": ["Alle varer", "Br\u00f8d og frokostblandinger", "Langtidsholdbare br\u00f8d"], "title": "Kjernesunt Br\u00f8d", "price": 37.7, "product_variant": "700 g", "quantity_info": [[700.0, "g"]], "image_url": "/media/uploads/public/38/126/966926-2c2af-product_list.jpg", "unit_price_raw": "kr 53,86 per kg", "product_url": "https://kolonial.no/produkter/3313-pagen-kjernesunt-brod-700g/", "kolonial_id": "3313"},
  {"category": "V\u00e5tservietter og s\u00e5pe", "category_list": ["Alle varer", "Barneprodukter", "V\u00e5tservietter og s\u00e5pe"], "title": "Wipes Uten Parfyme", "price": 26.3, "product_variant": "56 stk", "quantity_info": [[56.0, "stk"]], "image_url": "/media/uploads/public/367/275/971475-3b580-product_list.jpg", "unit_price_raw": "kr 0,47 per stk", "product_url": "https://kolonial.no/produkter/15417-natusan-wipes-uten-parfyme/", "kolonial_id": "15417"},
  {"category": "Pasta og nudler", "category_list": ["Alle varer", "Middager og tilbeh\u00f8r", "Pasta og nudler"], "title": "Tagliatelle", "price": 29.4, "product_variant": "400 g", "quantity_info": [[400.0, "g"]], "image_url": "/media/uploads/public/156/291/970691-f0dbd-product_list.jpg", "unit_price_raw": "kr 73,50 per kg", "product_url": "https://kolonial.no/produkter/21892-rema-1000-tagliatelle/", "kolonial_id": "21892"},
  {"category": "Pasta og nudler", "category_list": ["Alle varer", "Middager og tilbeh\u00f8r", "Pasta og nudler"], "title": "Perline med Parmigiano Reggiano", "price": 22.8, "product_variant": "250 g", "quantity_info": [[250.0, "g"]], "image_url": "/media/uploads/public/0/302/47902-4f61f-product_list.jpg", "unit_price_raw": "kr 91,20 per kg", "product_url": "https://kolonial.no/produkter/17101-rema-1000-perline-med-parmigiano-reggiano/", "kolonial_id": "17101"},
  {"category": "Batterier", "category_list": ["Alle varer", "Husholdning og tekstil", "Batterier"], "title": "Batteri 9V Plus Power", "price": 47.9, "product_variant": "1 stk", "quantity_info": [[1.0, "stk"]], "image_url": "/media/uploads/public/103/134/970134-45fb0-product_list.jpg", "unit_price_raw": "kr 47,90 per stk", "product_url": "https://kolonial.no/produkter/20923-duracell-batteri-9v-plus-power/", "kolonial_id": "20923"},
  {"category": "Hamburgere", "category_list": ["Alle varer", "Kj\u00f8tt og kylling", "Hamburgere"], "title": "Gildeburger 3xcheese", "price": 107.6, "product_variant": "8 stk i pk, 800 g", "quantity_info": [[8.0, "stkipk"], [800.0, "g"]], "image_url": "/media/uploads/public/335/155/708955-e14ff-product_list.jpg", "unit_price_raw": "kr 134,50 per kg", "product_url": "https://kolonial.no/produkter/27505-gilde-gildeburger-3xcheese/", "kolonial_id": "27505"},
  {"category": "Hermetisert frukt og gr\u00f8nt", "category_list": ["Alle varer", "Frukt og gr\u00f8nt", "Hermetisert frukt og gr\u00f8nt"], "title": "Tomatpur\u00e9", "price": 15.1, "product_variant": "180 g", "quantity_info": [[180.0, "g"]], "image_url": "/media/uploads/public/0/79/38079-36454-product_list.jpg", "unit_price_raw": "kr 83,89 per kg", "product_url": "https://kolonial.no/produkter/15441-stavland-tomatpure/", "kolonial_id": "15441"},
  {"category": "Diverse husholdning", "category_list": ["Alle varer", "Husholdning og tekstil", "Diverse husholdning"], "title": "Opptenningsbriketter", "price": 49.0, "product_variant": "100 stk", "quantity_info": [[100.0, "stk"]], "image_url": "/media/uploads/public/190/64/296064-7ee02-product_list.jpg", "unit_price_raw": "kr 0,49 per stk", "product_url": "https://kolonial.no/produkter/25465-nitedals-opptenningsbriketter/", "kolonial_id": "25465"},
  {"category": "Diverse husholdning", "category_list": ["Alle varer", "Husholdning og tekstil", "Diverse husholdning"], "title": "Lighter GS-1", "price": 16.3, "product_variant": "1 stk", "quantity_info": [[1.0, "stk"]], "image_url": "/media/uploads/public/0/220/73420-90c1b-product_list.jpg", "unit_price_raw": "kr 16,30 per stk", "product_url": "https://kolonial.no/produkter/19555-gs-1-ordinaer-lighter/", "kolonial_id": "19555"},
  {"category": "Undert\u00f8y", "category_list": ["Alle varer", "Husholdning og tekstil", "Undert\u00f8y"], "title": "Hold-In 50 den", "price": 96.9, "product_variant": "Sort, Str. 44-48, 1 stk", "quantity_info": [[44.0, ""], [48.1, "stk"]], "image_url": "/media/uploads/public/0/63/30463-ac748-product_list.jpg", "unit_price_raw": "kr 96,90 per stk", "product_url": "https://kolonial.no/produkter/13711-pierre-robert-hold-50-den-sort-str-44-48/", "kolonial_id": "13711"},
  {"category": "Kj\u00f8ttdeig og karbonadedeig", "category_list": ["Alle varer", "Kj\u00f8tt og kylling", "Kj\u00f8ttdeig og karbonadedeig"], "title": "Kj\u00f8ttdeig av Storfe 14%", "price": 48.3, "product_variant": "u/salt og vann, 400 g", "quantity_info": [[400.0, "g"]], "image_url": "/media/uploads/public/36/178/979378-12909-product_list.jpg", "unit_price_raw": "kr 120,75 per kg", "product_url": "https://kolonial.no/produkter/23282-gilde-kjottdeig-av-storfe-14-usalt-og-vann/", "kolonial_id": "23282"},
  {"category": "Urter og spirer", "category_list": ["Alle varer", "Frukt og gr\u00f8nt", "Urter og spirer"], "title": "Thai Basilikum Gourmet", "price": 24.4, "product_variant": "Frisk i Pose, Etiopia, 20 g", "quantity_info": [[20.0, "g"]], "image_url": "/media/uploads/public/0/182/104182-15b0c-product_list.jpg", "unit_price_raw": "kr 1220,00 per kg", "product_url": "https://kolonial.no/produkter/22444-thai-basilikum-gourmet-frisk-i-pose/", "kolonial_id": "22444"},
  {"category": "Svin", "category_list": ["Alle varer", "Kj\u00f8tt og kylling", "Svin"], "title": "Surret Skinkestek med Svor", "price": 115.5, "product_variant": "R\u00e5, ca. 1,5 kg", "quantity_info": [[1.5, "kg"]], "image_url": "/media/uploads/public/0/6/8406-1c59d-product_list.jpg", "unit_price_raw": "kr 77,00 per kg", "product_url": "https://kolonial.no/produkter/3889-nordfjord-surret-skinkestek-med-svor/", "kolonial_id": "3889"},
  {"category": "Svin", "category_list": ["Alle varer", "Kj\u00f8tt og kylling", "Svin"], "title": "Salte Knoker", "price": 120.0, "product_variant": "Str\u00f8m-Larsen, 1,4 kg", "quantity_info": [[1.4, "kg"]], "image_url": "/media/uploads/public/0/320/67120-a256e-product_list.jpg", "unit_price_raw": "kr 85,71 per kg", "product_url": "https://kolonial.no/produkter/18445-strom-larsen-salte-knoker-strom-larsen/", "kolonial_id": "18445"},
  {"category": "Ferdige middagsretter", "category_list": ["Alle varer", "Middager og tilbeh\u00f8r", "Ferdige middagsretter"], "title": "Fiskekakebiter i Hvit saus", "price": 109.0, "product_variant": "Fiks ferdig, 2 Porsjoner, 800 g", "quantity_info": [[2.0, "Porsjoner"], [800.0, "g"]], "image_url": "/media/uploads/public/222/163/993363-e5c54-product_list.jpg", "unit_price_raw": "kr 136,25 per kg", "product_url": "https://kolonial.no/produkter/28002-gastro-kitchen-fiskekaker-i-hvit-saus-med-gronnsak/", "kolonial_id": "28002"},
  {"category": "Ferdigsauser", "category_list": ["Alle varer", "Middager og tilbeh\u00f8r", "Ferdigsauser"], "title": "Tomatsaus", "price": 62.8, "product_variant": "med oregano, timian og rosmarin, 390 g", "quantity_info": [[390.0, "g"]], "image_url": "/media/uploads/public/0/58/2458-d431c-product_list.jpg", "unit_price_raw": "kr 161,03 per kg", "product_url": "https://kolonial.no/produkter/2137-superbra-tomatsaus-med-oregano-timian-og-rosmarin/", "kolonial_id": "2137"},
  {"category": "P\u00f8lser", "category_list": ["Alle varer", "Kj\u00f8tt og kylling", "P\u00f8lser"], "title": "Sambap\u00f8lser", "price": 80.6, "product_variant": "3stk, Str\u00f8m-Larsen, 350 g", "quantity_info": [[3.0, "stkStr\u00f8mLarsen"], [350.0, "g"]], "image_url": "/media/uploads/public/0/221/40221-edff5-product_list.jpg", "unit_price_raw": "kr 230,29 per kg", "product_url": "https://kolonial.no/produkter/15217-strom-larsen-sambapolser-3stk-strom-larsen/", "kolonial_id": "15217"},
  {"category": "Kontor", "category_list": ["Alle varer", "Husholdning og tekstil", "Kontor"], "title": "Universalsaks", "price": 29.8, "product_variant": "1 stk", "quantity_info": [[1.0, "stk"]], "image_url": "/media/uploads/public/194/238/146238-7c9ff-product_list.jpg", "unit_price_raw": "kr 29,80 per stk", "product_url": "https://kolonial.no/produkter/24462-universalsaks/", "kolonial_id": "24462"},
  {"category": "Fr\u00f8, n\u00f8tter og t\u00f8rket frukt", "category_list": ["Alle varer", "Frukt og gr\u00f8nt", "Fr\u00f8, n\u00f8tter og t\u00f8rket frukt"], "title": "Yoghurtcashew", "price": 41.4, "product_variant": "80 g", "quantity_info": [[80.0, "g"]], "image_url": "/media/uploads/public/218/68/974068-20d7b-product_list.jpg", "unit_price_raw": "kr 517,50 per kg", "product_url": "https://kolonial.no/produkter/12997-den-lille-nottefabrikken-youghurtcashew-80g/", "kolonial_id": "12997"},
  {"category": "Deiger og bunner", "category_list": ["Alle varer", "Br\u00f8d og frokostblandinger", "Deiger og bunner"], "title": "Pizza Tortilla", "price": 32.4, "product_variant": "280 g", "quantity_info": [[280.0, "g"]], "image_url": "/media/uploads/public/263/372/996372-d2154-product_list.jpg", "unit_price_raw": "kr 115,71 per kg", "product_url": "https://kolonial.no/produkter/20983-santa-maria-pizza-tortilla/", "kolonial_id": "20983"},
  {"category": "Deiger og bunner", "category_list": ["Alle varer", "Br\u00f8d og frokostblandinger", "Deiger og bunner"], "title": "Pizzabunn Glutenfri", "price": 43.8, "product_variant": "300 g", "quantity_info": [[300.0, "g"]], "image_url": "/media/uploads/public/324/5/970405-2e16c-product_list.jpg", "unit_price_raw": "kr 146,00 per kg", "product_url": "https://kolonial.no/produkter/21472-schar-pizzabunn-glutenfri/", "kolonial_id": "21472"},
  {"category": "Kj\u00f8ttboller og karbonader", "category_list": ["Alle varer", "Kj\u00f8tt og kylling", "Kj\u00f8ttboller og karbonader"], "title": "\u00d8kologiske Medisterkaker", "price": 120.0, "product_variant": "Str\u00f8m-Larsen, Halstenshov G\u00e5rd, 500 g", "quantity_info": [[500.0, "g"]], "image_url": "/media/uploads/public/0/115/46915-d3c3d-product_list.jpg", "unit_price_raw": "kr 240,00 per kg", "product_url": "https://kolonial.no/produkter/23929-strom-larsen-okologiske-medisterkaker-strom-larsen/", "kolonial_id": "23929"},
  {"category": "Middagsbaser", "category_list": ["Alle varer", "Middager og tilbeh\u00f8r", "Middagsbaser"], "title": "Smaksrik Hollandaise Base", "price": 27.9, "product_variant": "70 g", "quantity_info": [[70.0, "g"]], "image_url": "/media/uploads/public/337/150/973350-6139f-product_list.jpg", "unit_price_raw": "kr 398,57 per kg", "product_url": "https://kolonial.no/produkter/27298-toro-smaksrik-hollandaise-base/", "kolonial_id": "27298"},
  {"category": "Kj\u00f8kkenredskap", "category_list": ["Alle varer", "Husholdning og tekstil", "Kj\u00f8kkenredskap"], "title": "\u00d8se", "price": 34.1, "product_variant": "1 stk", "quantity_info": [[1.0, "stk"]], "image_url": "/media/uploads/public/0/0/46000-1014f-product_list.jpg", "unit_price_raw": "kr 34,10 per stk", "product_url": "https://kolonial.no/produkter/14950-ose/", "kolonial_id": "14950"},
  {"category": "Engangs og Servietter", "category_list": ["Alle varer", "Husholdning og tekstil", "Engangs og Servietter"], "title": "Kniver Engangs", "price": 39.4, "product_variant": "100 stk", "quantity_info": [[100.0, "stk"]], "image_url": "/media/uploads/public/0/238/21838-5e816-product_list.jpg", "unit_price_raw": "kr 0,39 per stk", "product_url": "https://kolonial.no/produkter/10514-kniver-engangs-100-stk/", "kolonial_id": "10514"},
  {"category": "Engangs og Servietter", "category_list": ["Alle varer", "Husholdning og tekstil", "Engangs og Servietter"], "title": "Gafler Engangs", "price": 39.4, "product_variant": "100 stk", "quantity_info": [[100.0, "stk"]], "image_url": "/media/uploads/public/0/235/21835-23672-product_list.jpg", "unit_price_raw": "kr 0,39 per stk", "product_url": "https://kolonial.no/produkter/10517-gafler-engangs-100-stk/", "kolonial_id": "10517"},
  {"category": "Salater og k\u00e5l", "category_list": ["Alle varer", "Frukt og gr\u00f8nt", "Salater og k\u00e5l"], "title": "Babyleaf Mix", "price": 36.9, "product_variant": "Spania/ Italia, 100 g", "quantity_info": [[100.0, "g"]], "image_url": "/media/uploads/public/384/130/616930-a0e6c-product_list.jpg", "unit_price_raw": "kr 369,00 per kg", "product_url": "https://kolonial.no/produkter/13261-babyleaf-mix-italia/", "kolonial_id": "13261"},
  {"category": "Salater og k\u00e5l", "category_list": ["Alle varer", "Frukt og gr\u00f8nt", "Salater og k\u00e5l"], "title": "Lollosalat Gr\u00f8nn", "price": 30.9, "product_variant": "Spania/ Italia, 400 g", "quantity_info": [[400.0, "g"]], "image_url": "/media/uploads/public/0/321/28321-4b305-product_list.jpg", "unit_price_raw": "kr 77,25 per kg", "product_url": "https://kolonial.no/produkter/19714-lollosalat-gronn-italia/", "kolonial_id": "19714"},
  {"category": "Gr\u00f8nnsaker", "category_list": ["Alle varer", "Frukt og gr\u00f8nt", "Gr\u00f8nnsaker"], "title": "Mini Plommetomat i Beger", "price": 23.9, "product_variant": "Norge, 175 g", "quantity_info": [[175.0, "g"]], "image_url": "/media/uploads/public/0/12/94012-80bfb-product_list.jpg", "unit_price_raw": "kr 136,57 per kg", "product_url": "https://kolonial.no/produkter/19708-mini-plommetomat-norge/", "kolonial_id": "19708"},
  {"category": "Frossen frukt og gr\u00f8nt", "category_list": ["Alle varer", "Frukt og gr\u00f8nt", "Frossen frukt og gr\u00f8nt"], "title": "Brokkoli & Blomk\u00e5l Blanding", "price": 22.7, "product_variant": "500 g", "quantity_info": [[500.0, "g"]], "image_url": "/media/uploads/public/151/42/970442-f885c-product_list.jpg", "unit_price_raw": "kr 45,40 per kg", "product_url": "https://kolonial.no/produkter/8432-rema-1000-broccoli-blomkal-blanding-500g/", "kolonial_id": "8432"},
  {"category": "Middags-kit og gryteretter", "category_list": ["Alle varer", "Middager og tilbeh\u00f8r", "Middags-kit og gryteretter"], "title": "Lasagne", "price": 34.2, "product_variant": "Til 4 Porsjoner, 262 g", "quantity_info": [[4.0, "Porsjoner"], [262.0, "g"]], "image_url": "/media/uploads/public/297/10/1015210-4186d-product_list.jpg", "unit_price_raw": "kr 130,53 per kg", "product_url": "https://kolonial.no/produkter/5389-knorr-lasagne-til-4-porsjoner/", "kolonial_id": "5389"},
  {"category": "Middags-kit og gryteretter", "category_list": ["Alle varer", "Middager og tilbeh\u00f8r", "Middags-kit og gryteretter"], "title": "Gresk Moussaka", "price": 45.8, "product_variant": "Pulver, 136 g", "quantity_info": [[136.0, "g"]], "image_url": "/media/uploads/public/21/194/965394-6173e-product_list.jpg", "unit_price_raw": "kr 336,76 per kg", "product_url": "https://kolonial.no/produkter/6334-toro-gresk-moussaka-pulver/", "kolonial_id": "6334"},
  {"category": "Ris og gryn", "category_list": ["Alle varer", "Middager og tilbeh\u00f8r", "Ris og gryn"], "title": "Quinoa Hvit", "price": 81.3, "product_variant": "\u00d8kologisk, 350 g", "quantity_info": [[350.0, "g"]], "image_url": "/media/uploads/public/0/306/13106-4dff1-product_list.jpg", "unit_price_raw": "kr 232,29 per kg", "product_url": "https://kolonial.no/produkter/9770-helios-quinoa-hvit-okologisk/", "kolonial_id": "9770"},
  {"category": "Posesauser", "category_list": ["Alle varer", "Middager og tilbeh\u00f8r", "Posesauser"], "title": "Saus til Stek", "price": 23.1, "product_variant": "37 g", "quantity_info": [[37.0, "g"]], "image_url": "/media/uploads/public/111/258/967458-8be32-product_list.jpg", "unit_price_raw": "kr 624,32 per kg", "product_url": "https://kolonial.no/produkter/10706-toro-saus-til-stek-37g/", "kolonial_id": "10706"},
  {"category": "Middagstilbeh\u00f8r", "category_list": ["Alle varer", "Middager og tilbeh\u00f8r", "Middagstilbeh\u00f8r"], "title": "Potetmos Vanlig", "price": 10.5, "product_variant": "90 g", "quantity_info": [[90.0, "g"]], "image_url": "/media/uploads/public/143/394/998794-84038-product_list.jpg", "unit_price_raw": "kr 116,67 per kg", "product_url": "https://kolonial.no/produkter/5848-mills-potetmos-vanlig/", "kolonial_id": "5848"},
  {"category": "Lys", "category_list": ["Alle varer", "Husholdning og tekstil", "Lys"], "title": "Duftlys i Glass Vanilla", "price": 37.6, "product_variant": "1 stk", "quantity_info": [[1.0, "stk"]], "image_url": "/media/uploads/public/0/190/45790-ad939-product_list.jpg", "unit_price_raw": "kr 37,60 per stk", "product_url": "https://kolonial.no/produkter/14614-duftlys-i-glass-vanilla/", "kolonial_id": "14614"},
  {"category": "N\u00f8tter", "category_list": ["Alle varer", "Snacks og godteri", "N\u00f8tter"], "title": "Turmiks", "price": 43.7, "product_variant": "Original, 275 g", "quantity_info": [[275.0, "g"]], "image_url": "/media/uploads/public/179/178/186178-338ff-product_list.jpg", "unit_price_raw": "kr 158,91 per kg", "product_url": "https://kolonial.no/produkter/923-polly-turmiks-original/", "kolonial_id": "923"},
  {"category": "Kylling, kalkun og and", "category_list": ["Alle varer", "Kj\u00f8tt og kylling", "Kylling, kalkun og and"], "title": "Kyllingbryst", "price": 89.9, "product_variant": "\u00d8kologisk, ca. 300 g", "quantity_info": [[300.0, "g"]], "image_url": "/media/uploads/public/257/288/123888-eec4a-product_list.jpg", "unit_price_raw": "kr 299,67 per kg", "product_url": "https://kolonial.no/produkter/23263-stanges-gardsprodukter-kyllingbryst-okologisk/", "kolonial_id": "23263"},
  {"category": "Kylling, kalkun og and", "category_list": ["Alle varer", "Kj\u00f8tt og kylling", "Kylling, kalkun og and"], "title": "Kyllingl\u00e5r", "price": 99.9, "product_variant": "\u00d8kologisk, ca. 560 g", "quantity_info": [[560.0, "g"]], "image_url": "/media/uploads/public/256/289/123889-217f9-product_list.jpg", "unit_price_raw": "kr 178,39 per kg", "product_url": "https://kolonial.no/produkter/23262-stanges-gardsprodukter-stange-kyllinglar-okologisk/", "kolonial_id": "23262"},
  {"category": "Bacon og tilbeh\u00f8r", "category_list": ["Alle varer", "Kj\u00f8tt og kylling", "Bacon og tilbeh\u00f8r"], "title": "Bacon Uten Svor", "price": 84.1, "product_variant": "400 g", "quantity_info": [[400.0, "g"]], "image_url": "/media/uploads/public/232/206/966606-f999a-product_list.jpg", "unit_price_raw": "kr 210,25 per kg", "product_url": "https://kolonial.no/produkter/4660-nordfjord-bacon-uten-svor-400g/", "kolonial_id": "4660"},
  {"category": "Bacon og tilbeh\u00f8r", "category_list": ["Alle varer", "Kj\u00f8tt og kylling", "Bacon og tilbeh\u00f8r"], "title": "Filetbacon Oppsk\u00e5ret", "price": 52.1, "product_variant": "200 g", "quantity_info": [[200.0, "g"]], "image_url": "/media/uploads/public/111/251/969451-95412-product_list.jpg", "unit_price_raw": "kr 260,50 per kg", "product_url": "https://kolonial.no/produkter/18268-nordfjord-filetbacon-oppskaret/", "kolonial_id": "18268"},
  {"category": "Morsmelkerstatning", "category_list": ["Alle varer", "Barneprodukter", "Morsmelkerstatning"], "title": "NAN Pro 1 Fra F\u00f8dsel", "price": 16.5, "product_variant": "Drikkeklar, 200 ml", "quantity_info": [[200.0, "ml"]], "image_url": "/media/uploads/public/227/228/973428-756bc-product_list.jpg", "unit_price_raw": "kr 82,50 per l", "product_url": "https://kolonial.no/produkter/1594-nestle-nan-pro-1-fra-fodsel-drikkeklar/", "kolonial_id": "1594"},
  {"category": "Smoothie, yoghurt og mellomm\u00e5ltid", "category_list": ["Alle varer", "Barneprodukter", "Smoothie, yoghurt og mellomm\u00e5ltid"], "title": "Lev Vel Smoothie Kiwi & Mango", "price": 12.4, "product_variant": "Fra 6 mnd, 90 g", "quantity_info": [[6.0, "mnd"], [90.0, "g"]], "image_url": "/media/uploads/public/73/107/969307-ef016-product_list.jpg", "unit_price_raw": "kr 137,78 per kg", "product_url": "https://kolonial.no/produkter/17971-rema-1000-lev-vel-smoothie-kiwi-mango-fra-6-mnd/", "kolonial_id": "17971"},
  {"category": "Middagsglass", "category_list": ["Alle varer", "Barneprodukter", "Middagsglass"], "title": "Sviskemos", "price": 14.1, "product_variant": "Fra 4 mnd, 125 g", "quantity_info": [[4.0, "mnd"], [125.0, "g"]], "image_url": "/media/uploads/public/239/29/966029-737ce-product_list.jpg", "unit_price_raw": "kr 112,80 per kg", "product_url": "https://kolonial.no/produkter/5497-nestle-sviskemos-fra-4-mnd-125g/", "kolonial_id": "5497"},
  {"category": "Julens middagstilbeh\u00f8r", "category_list": ["Alle varer", "Middager og tilbeh\u00f8r", "Julens middagstilbeh\u00f8r"], "title": "R\u00f8dbeter Skivede", "price": 24.3, "product_variant": "580 g", "quantity_info": [[580.0, "g"]], "image_url": "/media/uploads/public/90/381/965181-8cd2f-product_list.jpg", "unit_price_raw": "kr 41,90 per kg", "product_url": "https://kolonial.no/produkter/6742-nora-rodbeter-skivede-580g/", "kolonial_id": "6742"},
  {"category": "Poser og folie", "category_list": ["Alle varer", "Husholdning og tekstil", "Poser og folie"], "title": "Glad Aluminiumsfolie", "price": 36.1, "product_variant": "44 cm, 10 m", "quantity_info": [[44.0, "cm"], [10.0, "m"]], "image_url": "/media/uploads/public/369/91/968491-a53b1-product_list.jpg", "unit_price_raw": "kr 3,61 per m", "product_url": "https://kolonial.no/produkter/15882-glad-aluminiumsfolie-44-cm/", "kolonial_id": "15882"},
  {"category": "Rulletobakk", "category_list": ["Alle varer", "Snus og tobakk", "Rulletobakk"], "title": "Rizla Doble Sigarettpapir", "price": 25.9, "product_variant": "100 stk", "quantity_info": [[100.0, "stk"]], "image_url": "https://kolonial.no/static/products/img/placeholder.bffcea8d3530.png", "unit_price_raw": "kr 0,26 per stk", "product_url": "https://kolonial.no/produkter/17689-rizla-doble-sigarettpapir-100-stk/", "kolonial_id": "17689"},
  {"category": "Rulletobakk", "category_list": ["Alle varer", "Snus og tobakk", "Rulletobakk"], "title": "Rizla Enkle Sigarettpapir", "price": 16.9, "product_variant": "50 stk", "quantity_info": [[50.0, "stk"]], "image_url": "https://kolonial.no/static/products/img/placeholder.bffcea8d3530.png", "unit_price_raw": "kr 0,34 per stk", "product_url": "https://kolonial.no/produkter/17701-rizla-enkle-sigarettpapir/", "kolonial_id": "17701"},
  {"category": "Skr\u00e5tobakk", "category_list": ["Alle varer", "Snus og tobakk", "Skr\u00e5tobakk"], "title": "Oliver Twist Original Skr\u00e5tobakk", "price": 69.9, "product_variant": "1 stk", "quantity_info": [[1.0, "stk"]], "image_url": "https://kolonial.no/static/products/img/placeholder.bffcea8d3530.png", "unit_price_raw": "kr 69,90 per stk", "product_url": "https://kolonial.no/produkter/24338-oliver-twist-oliver-twist-original-skratobakk/", "kolonial_id": "24338"},
  {"category": "Gr\u00f8t", "category_list": ["Alle varer", "Barneprodukter", "Gr\u00f8t"], "title": "Min Gr\u00f8t Mild Havre", "price": 41.8, "product_variant": "Fra 4 mnd, 270 g", "quantity_info": [[4.0, "mnd"], [270.0, "g"]], "image_url": "/media/uploads/public/369/110/971310-3bdab-product_list.jpg", "unit_price_raw": "kr 154,81 per kg", "product_url": "https://kolonial.no/produkter/23396-nescafe-min-grot-mild-havre-fra-4-mnd/", "kolonial_id": "23396"},
  {"category": "Honning og s\u00f8tp\u00e5legg", "category_list": ["Alle varer", "P\u00e5legg", "Honning og s\u00f8tp\u00e5legg"], "title": "Flytende Akasiehonning", "price": 60.5, "product_variant": "350 g", "quantity_info": [[350.0, "g"]], "image_url": "/media/uploads/public/391/24/972024-d8ed3-product_list.jpg", "unit_price_raw": "kr 172,86 per kg", "product_url": "https://kolonial.no/produkter/1019-honningsentralen-flytende-akasiehonning-350g/", "kolonial_id": "1019"},
  {"category": "Snus", "category_list": ["Alle varer", "Snus og tobakk", "Snus"], "title": "General Classic No3 Portion", "price": 92.9, "product_variant": "Portion, 21,6 g", "quantity_info": [[21.6, "g"]], "image_url": "https://kolonial.no/static/products/img/placeholder.bffcea8d3530.png", "unit_price_raw": "kr 4300,93 per kg", "product_url": "https://kolonial.no/produkter/859-general-general-classic-no3-portion-portion/", "kolonial_id": "859"},
  {"category": "Snus", "category_list": ["Alle varer", "Snus og tobakk", "Snus"], "title": "General L\u00f8s", "price": 101.9, "product_variant": "L\u00f8ssnus, 42 g", "quantity_info": [[42.0, "g"]], "image_url": "https://kolonial.no/static/products/img/placeholder.bffcea8d3530.png", "unit_price_raw": "kr 2426,19 per kg", "product_url": "https://kolonial.no/produkter/856-general-general-los-lossnus/", "kolonial_id": "856"},
  {"category": "Sigaretter", "category_list": ["Alle varer", "Snus og tobakk", "Sigaretter"], "title": "Marlboro Double Burst", "price": 119.9, "product_variant": "20 stk", "quantity_info": [[20.0, "stk"]], "image_url": "https://kolonial.no/static/products/img/placeholder.bffcea8d3530.png", "unit_price_raw": "kr 6,00 per stk", "product_url": "https://kolonial.no/produkter/3916-marlboro-marlboro-blue-fresh-20-stk/", "kolonial_id": "3916"},
  {"category": "Sigaretter", "category_list": ["Alle varer", "Snus og tobakk", "Sigaretter"], "title": "Marlboro Beyond Red", "price": 122.9, "product_variant": "20 stk", "quantity_info": [[20.0, "stk"]], "image_url": "https://kolonial.no/static/products/img/placeholder.bffcea8d3530.png", "unit_price_raw": "kr 6,15 per stk", "product_url": "https://kolonial.no/produkter/3832-marlboro-marlboro-beyond-red-20-stk/", "kolonial_id": "3832"},
  {"category": "Salatp\u00e5legg", "category_list": ["Alle varer", "P\u00e5legg", "Salatp\u00e5legg"], "title": "Krepsehaler med Chili, Hvitl\u00f8k og Dill", "price": 42.1, "product_variant": "180 g", "quantity_info": [[180.0, "g"]], "image_url": "/media/uploads/public/2/217/967817-d5332-product_list.jpg", "unit_price_raw": "kr 233,89 per kg", "product_url": "https://kolonial.no/produkter/1020-delikat-krepsehaler-med-chili-hvitlok-og-dill-180g/", "kolonial_id": "1020"},
  {"category": "Salatp\u00e5legg", "category_list": ["Alle varer", "P\u00e5legg", "Salatp\u00e5legg"], "title": "Italiensk Salat Med Kj\u00f8tt", "price": 23.5, "product_variant": "180 g", "quantity_info": [[180.0, "g"]], "image_url": "/media/uploads/public/343/88/1004088-6c694-product_list.jpg", "unit_price_raw": "kr 130,56 per kg", "product_url": "https://kolonial.no/produkter/5017-delikat-italiensk-salat-med-kjott-200g/", "kolonial_id": "5017"},
  {"category": "Leverpostei", "category_list": ["Alle varer", "P\u00e5legg", "Leverpostei"], "title": "Dansk Grov Leverpostei", "price": 29.1, "product_variant": "190 g", "quantity_info": [[190.0, "g"]], "image_url": "/media/uploads/public/292/344/969144-12cc6-product_list.jpg", "unit_price_raw": "kr 153,16 per kg", "product_url": "https://kolonial.no/produkter/17578-stryhns-dansk-grov-leverpostei/", "kolonial_id": "17578"},
  {"category": "Majones og tubep\u00e5legg", "category_list": ["Alle varer", "P\u00e5legg", "Majones og tubep\u00e5legg"], "title": "Rekeost", "price": 33.6, "product_variant": "Tube, 175 g", "quantity_info": [[175.0, "g"]], "image_url": "/media/uploads/public/16/299/971499-2ec65-product_list.jpg", "unit_price_raw": "kr 192,00 per kg", "product_url": "https://kolonial.no/produkter/166-kavli-rekeost-tube-175g/", "kolonial_id": "166"},
  {"category": "Syltet\u00f8y", "category_list": ["Alle varer", "P\u00e5legg", "Syltet\u00f8y"], "title": "Bringeb\u00e6rsyltet\u00f8y", "price": 50.6, "product_variant": "R\u00f8rte, frosset, 280 g", "quantity_info": [[280.0, "g"]], "image_url": "/media/uploads/public/193/138/966938-15de4-product_list.jpg", "unit_price_raw": "kr 180,71 per kg", "product_url": "https://kolonial.no/produkter/2116-nora-bringebaersyltetoy-rorte-frosset-280g/", "kolonial_id": "2116"},
  {"category": "Fiskep\u00e5legg", "category_list": ["Alle varer", "P\u00e5legg", "Fiskep\u00e5legg"], "title": "Varmr\u00f8kt Pepperlaks", "price": 106.2, "product_variant": "ca. 280 g", "quantity_info": [[280.0, "g"]], "image_url": "/media/uploads/public/300/159/142159-ea6ad-product_list.jpg", "unit_price_raw": "kr 379,29 per kg", "product_url": "https://kolonial.no/produkter/24251-troll-salmon-varmrokt-pepperlaks/", "kolonial_id": "24251"},
  {"category": "Fiskep\u00e5legg", "category_list": ["Alle varer", "P\u00e5legg", "Fiskep\u00e5legg"], "title": "Varmr\u00f8kt Pepperlaks", "price": 49.6, "product_variant": "150 g", "quantity_info": [[150.0, "g"]], "image_url": "/media/uploads/public/147/111/972111-6dd98-product_list.jpg", "unit_price_raw": "kr 330,67 per kg", "product_url": "https://kolonial.no/produkter/3346-godehav-varmrokt-pepperlaks-150g/", "kolonial_id": "3346"},
  {"category": "Kj\u00f8tt- og kyllingp\u00e5legg", "category_list": ["Alle varer", "P\u00e5legg", "Kj\u00f8tt- og kyllingp\u00e5legg"], "title": "L\u00f8vsk\u00e5ret Pepperskinke", "price": 28.9, "product_variant": "100 g", "quantity_info": [[100.0, "g"]], "image_url": "/media/uploads/public/60/13/154813-9d364-product_list.jpg", "unit_price_raw": "kr 289,00 per kg", "product_url": "https://kolonial.no/produkter/4534-rema-1000-lovskaret-pepperskinke/", "kolonial_id": "4534"},
  {"category": "Spekemat og salami", "category_list": ["Alle varer", "P\u00e5legg", "Spekemat og salami"], "title": "Salami Snacks", "price": 34.1, "product_variant": "100 g", "quantity_info": [[100.0, "g"]], "image_url": "/media/uploads/public/119/398/155198-a3857-product_list.jpg", "unit_price_raw": "kr 341,00 per kg", "product_url": "https://kolonial.no/produkter/24998-stranda-salami-snacks/", "kolonial_id": "24998"},
  {"category": "Fuglemat", "category_list": ["Alle varer", "Dyremat", "Fuglemat"], "title": "Solsikkefr\u00f8", "price": 25.9, "product_variant": "1 kg", "quantity_info": [[1.0, "kg"]], "image_url": "/media/uploads/public/144/208/969408-16a11-product_list.jpg", "unit_price_raw": "kr 25,90 per kg", "product_url": "https://kolonial.no/produkter/8312-rema-1000-solsikkefro-1kg/", "kolonial_id": "8312"},
  {"category": "Kattemat", "category_list": ["Alle varer", "Dyremat", "Kattemat"], "title": "Okse, Kylling & Lever", "price": 112.9, "product_variant": "4 kg", "quantity_info": [[4.0, "kg"]], "image_url": "/media/uploads/public/287/350/965950-728ae-product_list.jpg", "unit_price_raw": "kr 28,23 per kg", "product_url": "https://kolonial.no/produkter/5494-friskies-okse-kylling-lever-4kg/", "kolonial_id": "5494"},
  {"category": "Kattemat", "category_list": ["Alle varer", "Dyremat", "Kattemat"], "title": "Okse, Kylling & Lever", "price": 45.3, "product_variant": "1 kg", "quantity_info": [[1.0, "kg"]], "image_url": "/media/uploads/public/153/93/1010893-d8c6c-product_list.jpg", "unit_price_raw": "kr 45,30 per kg", "product_url": "https://kolonial.no/produkter/5608-friskies-okse-kylling-lever-1kg/", "kolonial_id": "5608"},
  {"category": "Gnagermat", "category_list": ["Alle varer", "Dyremat", "Gnagermat"], "title": "Best Friend Hay Compact", "price": 38.0, "product_variant": "1 kg", "quantity_info": [[1.0, "kg"]], "image_url": "/media/uploads/public/12/176/509776-34ef0-product_list.jpg", "unit_price_raw": "kr 38,00 per kg", "product_url": "https://kolonial.no/produkter/25454-best-friend-hay-compact/", "kolonial_id": "25454"},
  {"category": "Fl\u00f8te og r\u00f8mmeprodukter", "category_list": ["Alle varer", "Melk, meieriprodukter og egg", "Fl\u00f8te og r\u00f8mmeprodukter"], "title": "Lett Matfl\u00f8te 10%", "price": 23.1, "product_variant": "0,3 l", "quantity_info": [[0.3, "l"]], "image_url": "/media/uploads/public/0/232/2632-37de1-product_list.jpg", "unit_price_raw": "kr 77,00 per l", "product_url": "https://kolonial.no/produkter/2233-tine-lett-matflote-10-03l/", "kolonial_id": "2233"},
  {"category": "Yoghurt", "category_list": ["Alle varer", "Melk, meieriprodukter og egg", "Yoghurt"], "title": "Sprett Yoghurt Frukt", "price": 55.9, "product_variant": "Uten tilsatt sukker eller s\u00f8tstoff 8x125g, 1000 g", "quantity_info": [[8.0, "x"], [125.0, "g"], [1000.0, "g"]], "image_url": "/media/uploads/public/254/43/970443-38224-product_list.jpg", "unit_price_raw": "kr 55,90 per kg", "product_url": "https://kolonial.no/produkter/12121-tine-sprett-yoghurt-frukt-uten-tilsatt-sukker-elle/", "kolonial_id": "12121"},
  {"category": "Yoghurt", "category_list": ["Alle varer", "Melk, meieriprodukter og egg", "Yoghurt"], "title": "Gresk Yoghurt", "price": 34.1, "product_variant": "2% Fett, 350 g", "quantity_info": [[2.0, "Fett"], [350.0, "g"]], "image_url": "/media/uploads/public/367/76/970876-89d78-product_list.jpg", "unit_price_raw": "kr 97,43 per kg", "product_url": "https://kolonial.no/produkter/8816-synnove-gresk-yoghurt-2-fett-350g/", "kolonial_id": "8816"},
  {"category": "Sm\u00f8r og margarin", "category_list": ["Alle varer", "Melk, meieriprodukter og egg", "Sm\u00f8r og margarin"], "title": "Flytende med Sm\u00f8r & Olivenolje", "price": 37.6, "product_variant": "520 ml", "quantity_info": [[520.0, "ml"]], "image_url": "/media/uploads/public/38/1/155201-975bb-product_list.jpg", "unit_price_raw": "kr 72,31 per l", "product_url": "https://kolonial.no/produkter/25001-olivero-flytende-med-smor-olivenolje/", "kolonial_id": "25001"},
  {"category": "Egg", "category_list": ["Alle varer", "Melk, meieriprodukter og egg", "Egg"], "title": "Solgule Egg Fra Frittg\u00e5ende H\u00f8ner", "price": 27.5, "product_variant": "Str. M/L, 6 stk", "quantity_info": [[6.0, "stk"]], "image_url": "/media/uploads/public/267/17/970017-3eb62-product_list.jpg", "unit_price_raw": "kr 68,75 per kg", "product_url": "https://kolonial.no/produkter/4939-solvinge-solgule-egg-fra-frittgaende-honer-str-ml-/", "kolonial_id": "4939"},
  {"category": "Energidrikk", "category_list": ["Alle varer", "Drikkevarer", "Energidrikk"], "title": "Battery Energidrikk", "price": 23.5, "product_variant": "0,5 l", "quantity_info": [[0.5, "l"]], "image_url": "/media/uploads/public/156/10/980810-5062f-product_list.jpg", "unit_price_raw": "kr 47,00 per l", "product_url": "https://kolonial.no/produkter/7975-battery-battery-energidrikk-05l/", "kolonial_id": "7975"},
  {"category": "Kakao og sjokoladepulver", "category_list": ["Alle varer", "Drikkevarer", "Kakao og sjokoladepulver"], "title": "Sjokoladedrikk", "price": 24.8, "product_variant": "10 porsjonspakker, 320 g", "quantity_info": [[10.0, "porsjonspakker"], [320.0, "g"]], "image_url": "/media/uploads/public/272/393/971993-20c69-product_list.jpg", "unit_price_raw": "kr 77,50 per kg", "product_url": "https://kolonial.no/produkter/7249-freia-sjokoladedrikk-10-porsjonspakker/", "kolonial_id": "7249"},
  {"category": "Kakao og sjokoladepulver", "category_list": ["Alle varer", "Drikkevarer", "Kakao og sjokoladepulver"], "title": "O'boy", "price": 51.3, "product_variant": "Refill, 1,1 kg", "quantity_info": [[1.1, "kg"]], "image_url": "/media/uploads/public/272/186/964586-efe77-product_list.jpg", "unit_price_raw": "kr 46,64 per kg", "product_url": "https://kolonial.no/produkter/7375-oboy-oboy-refill/", "kolonial_id": "7375"},
  {"category": "Te", "category_list": ["Alle varer", "Drikkevarer", "Te"], "title": "Pukka Lemon, Ginger & Manuka Honey Tea", "price": 60.9, "product_variant": "20 stk", "quantity_info": [[20.0, "stk"]], "image_url": "/media/uploads/public/0/67/11267-ec361-product_list.jpg", "unit_price_raw": "kr 3,05 per stk", "product_url": "https://kolonial.no/produkter/2182-pukka-pukka-lemon-ginger-manuka-honey-tea/", "kolonial_id": "2182"},
  {"category": "Kaffe", "category_list": ["Alle varer", "Drikkevarer", "Kaffe"], "title": "Frokostkaffe", "price": 81.8, "product_variant": "Hele b\u00f8nner, 500 g", "quantity_info": [[500.0, "g"]], "image_url": "/media/uploads/public/99/344/967144-9b128-product_list.jpg", "unit_price_raw": "kr 163,60 per kg", "product_url": "https://kolonial.no/produkter/470-friele-frokostkaffe-hele-bonner/", "kolonial_id": "470"},
  {"category": "Kaffe", "category_list": ["Alle varer", "Drikkevarer", "Kaffe"], "title": "Tim Wendelboe Hunkute Organic Coffee", "price": 145.0, "product_variant": "Hele b\u00f8nner, 250 g", "quantity_info": [[250.0, "g"]], "image_url": "/media/uploads/public/28/374/187174-2b390-product_list.jpg", "unit_price_raw": "kr 580,00 per kg", "product_url": "https://kolonial.no/produkter/25326-tim-wendelboe-tim-wendelboe-hunkute-organic-coffee/", "kolonial_id": "25326"},
  {"category": "Iste", "category_list": ["Alle varer", "Drikkevarer", "Iste"], "title": "Iste Fersken", "price": 28.8, "product_variant": "1,5 l", "quantity_info": [[1.5, "l"]], "image_url": "/media/uploads/public/341/152/969352-3abde-product_list.jpg", "unit_price_raw": "kr 19,20 per l", "product_url": "https://kolonial.no/produkter/18043-rema-1000-iste-fersken/", "kolonial_id": "18043"},
  {"category": "Saft", "category_list": ["Alle varer", "Drikkevarer", "Saft"], "title": "Fun Light Fruktfest", "price": 34.6, "product_variant": "0,8 l", "quantity_info": [[0.8, "l"]], "image_url": "/media/uploads/public/6/70/972470-efe41-product_list.jpg", "unit_price_raw": "kr 43,25 per l", "product_url": "https://kolonial.no/produkter/6760-fun-light-fun-light-fruktfest-1l/", "kolonial_id": "6760"},
  {"category": "Smoothie", "category_list": ["Alle varer", "Drikkevarer", "Smoothie"], "title": "Smoothie Mango & Appelsin", "price": 70.9, "product_variant": "6 x 150ml, 900 ml", "quantity_info": [[6.0, "x"], [150.0, "ml"], [900.0, "ml"]], "image_url": "/media/uploads/public/181/346/142346-c47ee-product_list.jpg", "unit_price_raw": "kr 78,78 per l", "product_url": "https://kolonial.no/produkter/24281-froosh-smoothie-mango-appelsin-6-x-150ml/", "kolonial_id": "24281"},
  {"category": "Juice", "category_list": ["Alle varer", "Drikkevarer", "Juice"], "title": "Appelsinjuice Med Fruktkj\u00f8tt Original", "price": 53.1, "product_variant": "1,5 l", "quantity_info": [[1.5, "l"]], "image_url": "/media/uploads/public/207/288/972688-4ec65-product_list.jpg", "unit_price_raw": "kr 35,40 per l", "product_url": "https://kolonial.no/produkter/5155-tropicana-appelsinjuice-med-fruktkjott-original-17/", "kolonial_id": "5155"},
  {"category": "Vann og mineralvann", "category_list": ["Alle varer", "Drikkevarer", "Vann og mineralvann"], "title": "Farris Bris Jordb\u00e6r & Kiwi", "price": 24.5, "product_variant": "1,5 l", "quantity_info": [[1.5, "l"]], "image_url": "/media/uploads/public/272/93/723693-6105c-product_list.jpg", "unit_price_raw": "kr 16,33 per l", "product_url": "https://kolonial.no/produkter/27739-ringnes-farris-bris-jordbaer-kiwi/", "kolonial_id": "27739"},
  {"category": "Vann og mineralvann", "category_list": ["Alle varer", "Drikkevarer", "Vann og mineralvann"], "title": "Farris BRIS", "price": 24.7, "product_variant": "Bringeb\u00e6r & Granateple, 1,5 l", "quantity_info": [[1.5, "l"]], "image_url": "/media/uploads/public/394/243/128243-85af1-product_list.jpg", "unit_price_raw": "kr 16,47 per l", "product_url": "https://kolonial.no/produkter/12664-ringnes-farris-bris-bringebaer-granateple-15l/", "kolonial_id": "12664"},
  {"category": "Julens kj\u00f8tt og kylling", "category_list": ["Alle varer", "Kj\u00f8tt og kylling", "Julens kj\u00f8tt og kylling"], "title": "Vossakorv", "price": 45.0, "product_variant": "350 g", "quantity_info": [[350.0, "g"]], "image_url": "/media/uploads/public/336/375/1001575-77669-product_list.jpg", "unit_price_raw": "kr 128,57 per kg", "product_url": "https://kolonial.no/produkter/9581-gilde-vossakorv-350g/", "kolonial_id": "9581"},
  {"category": "Sm\u00f8reost og prim", "category_list": ["Alle varer", "Oster", "Sm\u00f8reost og prim"], "title": "Philadelphia Original Light", "price": 21.9, "product_variant": "200 g", "quantity_info": [[200.0, "g"]], "image_url": "/media/uploads/public/216/333/966733-115b2-product_list.jpg", "unit_price_raw": "kr 109,50 per kg", "product_url": "https://kolonial.no/produkter/4453-philadelphia-philadelphia-original-light-200g/", "kolonial_id": "4453"},
  {"category": "Brunost", "category_list": ["Alle varer", "Oster", "Brunost"], "title": "Gudbrandsdalsost", "price": 63.3, "product_variant": "780 g", "quantity_info": [[780.0, "g"]], "image_url": "/media/uploads/public/15/341/969941-74213-product_list.jpg", "unit_price_raw": "kr 81,15 per kg", "product_url": "https://kolonial.no/produkter/4816-synnove-gudbrandsdalsost-800g/", "kolonial_id": "4816"},
  {"category": "Bleier", "category_list": ["Alle varer", "Barneprodukter", "Bleier"], "title": "Libero Touch", "price": 56.5, "product_variant": "Str. 2 3-6kg, 32 stk", "quantity_info": [[23.0, ""], [6.0, "kg"], [32.0, "stk"]], "image_url": "/media/uploads/public/291/106/1018906-4b6d4-product_list.jpg", "unit_price_raw": "kr 1,77 per stk", "product_url": "https://kolonial.no/produkter/18871-libero-libero-touch-str-2-3-6kg/", "kolonial_id": "18871"},
  {"category": "Bleier", "category_list": ["Alle varer", "Barneprodukter", "Bleier"], "title": "Libero Touch", "price": 57.3, "product_variant": "Str.3 4-8kg, 28 stk", "quantity_info": [[34.0, ""], [8.0, "kg"], [28.0, "stk"]], "image_url": "/media/uploads/public/343/100/1018900-cf42a-product_list.jpg", "unit_price_raw": "kr 2,05 per stk", "product_url": "https://kolonial.no/produkter/14203-libero-libero-touch-str3-4-8kg-28stk/", "kolonial_id": "14203"},
  {"category": "Spesialoster", "category_list": ["Alle varer", "Oster", "Spesialoster"], "title": "Babybel Mini", "price": 41.0, "product_variant": "120 g", "quantity_info": [[120.0, "g"]], "image_url": "/media/uploads/public/206/279/966679-442cb-product_list.jpg", "unit_price_raw": "kr 341,67 per kg", "product_url": "https://kolonial.no/produkter/1615-babybel-babybel-mini-125g/", "kolonial_id": "1615"},
  {"category": "Julens p\u00e5legg", "category_list": ["Alle varer", "P\u00e5legg", "Julens p\u00e5legg"], "title": "Lammerull", "price": 90.9, "product_variant": "Str\u00f8m-Larsen, 200 g", "quantity_info": [[200.0, "g"]], "image_url": "/media/uploads/public/256/106/137306-1230d-product_list.jpg", "unit_price_raw": "kr 454,50 per kg", "product_url": "https://kolonial.no/produkter/18463-strom-larsen-lammerull-strom-larsen/", "kolonial_id": "18463"},
  {"category": "Gr\u00f8nne planter", "category_list": ["Alle varer", "Blomster og planter", "Gr\u00f8nne planter"], "title": "Gummifiken", "price": 60.0, "product_variant": "20-40 cm h\u00f8y. 12 cm potte, 1 stk", "quantity_info": [[20.0, ""], [40.0, "cmh\u00f8y"], [12.0, "cmpotte"], [1.0, "stk"]], "image_url": "/media/uploads/public/309/200/707000-b058b-product_list.jpg", "unit_price_raw": "kr 60,00 per stk", "product_url": "https://kolonial.no/produkter/27473-freshflowers-gummifiken-40-cm/", "kolonial_id": "27473"},
  {"category": "Planter med potte", "category_list": ["Alle varer", "Blomster og planter", "Planter med potte"], "title": "Vannplante og Glassvase Clusia Princess", "price": 200.0, "product_variant": "40cm, 1 stk", "quantity_info": [[40.0, "cm"], [1.0, "stk"]], "image_url": "/media/uploads/public/189/35/998835-1ccca-product_list.jpg", "unit_price_raw": "kr 200,00 per stk", "product_url": "https://kolonial.no/produkter/27830-vannplante-i-glassvase-clusia-princess-40cm-1-stk/", "kolonial_id": "27830"},
  {"category": "Brus", "category_list": ["Alle varer", "Drikkevarer", "Brus"], "title": "Coca-Cola", "price": 109.9, "product_variant": "4 x 1,5 l, 6 l", "quantity_info": [[4.0, "x"], [1.5, "l"], [6.0, "l"]], "image_url": "/media/uploads/public/0/22/98422-42cb9-product_list.jpg", "unit_price_raw": "kr 18,32 per l", "product_url": "https://kolonial.no/produkter/22207-coca-cola-coca-cola-4-x-15-l/", "kolonial_id": "22207"},
  {"category": "Snacking", "category_list": ["Alle varer", "Pizza og taco", "Snacking"], "title": "Grandiosa Pizzarull", "price": 26.1, "product_variant": "Ost & Skinke, 155 g", "quantity_info": [[155.0, "g"]], "image_url": "/media/uploads/public/380/253/967853-20c2d-product_list.jpg", "unit_price_raw": "kr 168,39 per kg", "product_url": "https://kolonial.no/produkter/14386-grandiosa-grandiosa-pizzarull-ost-skinke/", "kolonial_id": "14386"},
  {"category": "Hundemat", "category_list": ["Alle varer", "Dyremat", "Hundemat"], "title": "Hundeposer", "price": 13.3, "product_variant": "40 stk", "quantity_info": [[40.0, "stk"]], "image_url": "/media/uploads/public/44/275/966275-aa4e3-product_list.jpg", "unit_price_raw": "kr 0,33 per stk", "product_url": "https://kolonial.no/produkter/5260-soft-style-hundeposer-40stk/", "kolonial_id": "5260"},
  {"category": "Snittblomster", "category_list": ["Alle varer", "Blomster og planter", "Snittblomster"], "title": "Eucalyptus", "price": 50.0, "product_variant": "45cm, 8 stk", "quantity_info": [[45.0, "cm"], [8.0, "stk"]], "image_url": "/media/uploads/public/1/197/706997-e3567-product_list.jpg", "unit_price_raw": "kr 6,25 per stk", "product_url": "https://kolonial.no/produkter/27475-freshflowers-eucalyptus-45cm/", "kolonial_id": "27475"},
  {"category": "Taco", "category_list": ["Alle varer", "Pizza og taco", "Taco"], "title": "Tortillas", "price": 19.5, "product_variant": "6 stk Fullkorn, 350 g", "quantity_info": [[6.0, "stkFullkorn"], [350.0, "g"]], "image_url": "/media/uploads/public/176/152/715352-1057a-product_list.jpg", "unit_price_raw": "kr 55,71 per kg", "product_url": "https://kolonial.no/produkter/7132-old-el-paso-tortillas-6-stk-fullkorn/", "kolonial_id": "7132"},
  {"category": "Buljong og fond", "category_list": ["Alle varer", "Olje og krydder", "Buljong og fond"], "title": "Kyllingfond", "price": 65.9, "product_variant": "180 ml", "quantity_info": [[180.0, "ml"]], "image_url": "/media/uploads/public/272/398/664798-1bae1-product_list.jpg", "unit_price_raw": "kr 366,11 per l", "product_url": "https://kolonial.no/produkter/27223-touch-taste-kyllingfond/", "kolonial_id": "27223"},
  {"category": "Kryddermiks", "category_list": ["Alle varer", "Olje og krydder", "Kryddermiks"], "title": "Tikka Masala med Kryddermiks", "price": 51.8, "product_variant": "Medium, 360 g", "quantity_info": [[360.0, "g"]], "image_url": "/media/uploads/public/6/365/965565-b6eb1-product_list.jpg", "unit_price_raw": "kr 143,89 per kg", "product_url": "https://kolonial.no/produkter/6253-saritas-tikka-masala-med-kryddermiks-medium/", "kolonial_id": "6253"},
  {"category": "Ketchup og sennep", "category_list": ["Alle varer", "Olje og krydder", "Ketchup og sennep"], "title": "Tomatketchup", "price": 50.4, "product_variant": "1 kg", "quantity_info": [[1.0, "kg"]], "image_url": "/media/uploads/public/139/319/964319-de999-product_list.jpg", "unit_price_raw": "kr 50,40 per kg", "product_url": "https://kolonial.no/produkter/7768-heinz-tomatketchup-1kg/", "kolonial_id": "7768"},
  {"category": "Hjemmelaget pizza", "category_list": ["Alle varer", "Pizza og taco", "Hjemmelaget pizza"], "title": "Fersk Pizzabunn", "price": 27.7, "product_variant": "Med Fullkorn, 550 g", "quantity_info": [[550.0, "g"]], "image_url": "/media/uploads/public/314/352/790352-4159c-product_list.jpg", "unit_price_raw": "kr 50,36 per kg", "product_url": "https://kolonial.no/produkter/27509-fersk-pizzabunn-med-fullkorn/", "kolonial_id": "27509"},
  {"category": "Prevensjon", "category_list": ["Alle varer", "Hygieneartikler", "Prevensjon"], "title": "Kondom True Feeling", "price": 93.6, "product_variant": "8 stk", "quantity_info": [[8.0, "stk"]], "image_url": "/media/uploads/public/303/135/966135-6ccd0-product_list.jpg", "unit_price_raw": "kr 11,70 per stk", "product_url": "https://kolonial.no/produkter/15498-rfsu-kondom-true-feeling/", "kolonial_id": "15498"},
  {"category": "Deodorant", "category_list": ["Alle varer", "Hygieneartikler", "Deodorant"], "title": "Neutral Deo Roll-on", "price": 24.9, "product_variant": "Uten Parfyme, 50 ml", "quantity_info": [[50.0, "ml"]], "image_url": "/media/uploads/public/338/210/968210-e0f5c-product_list.jpg", "unit_price_raw": "kr 498,00 per l", "product_url": "https://kolonial.no/produkter/7705-neutral-neutral-deo-roll-uten-parfyme-50ml/", "kolonial_id": "7705"},
  {"category": "Melk", "category_list": ["Alle varer", "Melk, meieriprodukter og egg", "Melk"], "title": "TineMelk Lett", "price": 30.7, "product_variant": "1,75 l", "quantity_info": [[1.75, "l"]], "image_url": "/media/uploads/public/315/128/122528-1159a-product_list.jpg", "unit_price_raw": "kr 17,54 per l", "product_url": "https://kolonial.no/produkter/8143-tine-tinemelk-lett-175l/", "kolonial_id": "8143"},
  {"category": "Barbering", "category_list": ["Alle varer", "Hygieneartikler", "Barbering"], "title": "Barberblad Fusion", "price": 360.5, "product_variant": "8 stk", "quantity_info": [[8.0, "stk"]], "image_url": "/media/uploads/public/273/104/965304-e46eb-product_list.jpg", "unit_price_raw": "kr 45,06 per stk", "product_url": "https://kolonial.no/produkter/6397-gillette-barberblad-fusion-8stk/", "kolonial_id": "6397"},
  {"category": "Solkrem", "category_list": ["Alle varer", "Shampo, s\u00e5pe og krem", "Solkrem"], "title": "Sun Lotion", "price": 97.9, "product_variant": "SPF 6, 200 ml", "quantity_info": [[6.2, "ml"]], "image_url": "/media/uploads/public/339/161/684161-16c50-product_list.jpg", "unit_price_raw": "kr 489,50 per l", "product_url": "https://kolonial.no/produkter/20830-nivea-sun-lotion-spf-6-0-2-l/", "kolonial_id": "20830"},
  {"category": "Barnes\u00e5pe og babyolje", "category_list": ["Alle varer", "Shampo, s\u00e5pe og krem", "Barnes\u00e5pe og babyolje"], "title": "Neutral Kids Shampo", "price": 42.9, "product_variant": "Uten Parfyme, 250 ml", "quantity_info": [[250.0, "ml"]], "image_url": "/media/uploads/public/311/362/964362-8d99f-product_list.jpg", "unit_price_raw": "kr 171,60 per l", "product_url": "https://kolonial.no/produkter/7702-neutral-neutral-kids-shampo-uten-parfyme-250ml/", "kolonial_id": "7702"},
  {"category": "Bomull og ansiktsrens", "category_list": ["Alle varer", "Hygieneartikler", "Bomull og ansiktsrens"], "title": "Cleanser & Makeup Remover", "price": 57.8, "product_variant": "400 ml", "quantity_info": [[400.0, "ml"]], "image_url": "/media/uploads/public/0/246/34246-7011c-product_list.jpg", "unit_price_raw": "kr 144,50 per l", "product_url": "https://kolonial.no/produkter/14566-garnier-cleanser-makeup-remover-400ml/", "kolonial_id": "14566"},
  {"category": "Krydder", "category_list": ["Alle varer", "Olje og krydder", "Krydder"], "title": "Oregano", "price": 20.7, "product_variant": "10 g", "quantity_info": [[10.0, "g"]], "image_url": "/media/uploads/public/271/273/965473-94b3a-product_list.jpg", "unit_price_raw": "kr 2070,00 per kg", "product_url": "https://kolonial.no/produkter/6274-toro-oregano-10g/", "kolonial_id": "6274"},
  {"category": "Helsekost", "category_list": ["Alle varer", "Legemidler og helsekost", "Helsekost"], "title": "Vitaminbj\u00f8rner", "price": 88.4, "product_variant": "60 stk", "quantity_info": [[60.0, "stk"]], "image_url": "/media/uploads/public/119/108/966108-1103c-product_list.jpg", "unit_price_raw": "kr 1,47 per stk", "product_url": "https://kolonial.no/produkter/319-collett-vitaminbjorner-60-stk/", "kolonial_id": "319"},
  {"category": "Proteinbar og m\u00fcslibar", "category_list": ["Alle varer", "Legemidler og helsekost", "Proteinbar og m\u00fcslibar"], "title": "K.v. Muslibars Dark Chocolate 4pk", "price": 31.8, "product_variant": "4 x 25g, 100 g", "quantity_info": [[4.0, "x"], [25.0, "g"], [100.0, "g"]], "image_url": "/media/uploads/public/78/71/974071-e9514-product_list.jpg", "unit_price_raw": "kr 318,00 per kg", "product_url": "https://kolonial.no/produkter/23269-kv-muslibars-dark-chocolate-4pk-4-x-25g/", "kolonial_id": "23269"},
  {"category": "Plaster", "category_list": ["Alle varer", "Legemidler og helsekost", "Plaster"], "title": "Gnags\u00e5rplaster", "price": 61.4, "product_variant": "6 stk", "quantity_info": [[6.0, "stk"]], "image_url": "/media/uploads/public/182/372/964372-c0da4-product_list.jpg", "unit_price_raw": "kr 10,23 per stk", "product_url": "https://kolonial.no/produkter/14092-salvequick-gnagsarplaster-6stk/", "kolonial_id": "14092"},
  {"category": "Roser", "category_list": ["Alle varer", "Blomster og planter", "Roser"], "title": "Roser Mix Varme Farger", "price": 50.0, "product_variant": "35 cm, 12 stk", "quantity_info": [[35.0, "cm"], [12.0, "stk"]], "image_url": "/media/uploads/public/114/71/668471-5a14f-product_list.jpg", "unit_price_raw": "kr 4,17 per stk", "product_url": "https://kolonial.no/produkter/23187-fresh-flowers-roser-i-mix-farger-30-cm/", "kolonial_id": "23187"},
  {"category": "Bind og tamponger", "category_list": ["Alle varer", "Hygieneartikler", "Bind og tamponger"], "title": "Truseinnlegg Normal", "price": 50.9, "product_variant": "2pk, 60 stk", "quantity_info": [[2.0, "pk"], [60.0, "stk"]], "image_url": "/media/uploads/public/80/125/969725-b5304-product_list.jpg", "unit_price_raw": "kr 0,85 per stk", "product_url": "https://kolonial.no/produkter/7033-libresse-truseinnlegg-normal-2pk-64-stk/", "kolonial_id": "7033"},
  {"category": "Nikotinprodukter", "category_list": ["Alle varer", "Legemidler og helsekost", "Nikotinprodukter"], "title": "Nicorette Classic", "price": 301.1, "product_variant": "4mg, 105 stk", "quantity_info": [[4.0, "mg"], [105.0, "stk"]], "image_url": "/media/uploads/public/0/379/75979-eb19c-product_list.jpg", "unit_price_raw": "kr 2,87 per stk", "product_url": "https://kolonial.no/produkter/19654-nicorette-nicorette-classic-4mg/", "kolonial_id": "19654"},
  {"category": "Kluter, svamper og hansker", "category_list": ["Alle varer", "T\u00f8rkepapir og vaskemidler", "Kluter, svamper og hansker"], "title": "Universalklut", "price": 15.3, "product_variant": "10 stk", "quantity_info": [[10.0, "stk"]], "image_url": "/media/uploads/public/195/394/969994-90cd0-product_list.jpg", "unit_price_raw": "kr 1,53 per stk", "product_url": "https://kolonial.no/produkter/5269-soft-style-universalklut-10stk/", "kolonial_id": "5269"},
  {"category": "Shampo og h\u00e5rprodukter", "category_list": ["Alle varer", "Shampo, s\u00e5pe og krem", "Shampo og h\u00e5rprodukter"], "title": "Shampo", "price": 61.5, "product_variant": "Argan Oil, 250 ml", "quantity_info": [[250.0, "ml"]], "image_url": "/media/uploads/public/75/154/730154-dfeea-product_list.jpg", "unit_price_raw": "kr 246,00 per l", "product_url": "https://kolonial.no/produkter/6955-define-shampo-argan-oil/", "kolonial_id": "6955"},
  {"category": "Krem", "category_list": ["Alle varer", "Shampo, s\u00e5pe og krem", "Krem"], "title": "Rik & Pleiende Bodylotion", "price": 50.0, "product_variant": "200 ml", "quantity_info": [[200.0, "ml"]], "image_url": "/media/uploads/public/124/282/970282-82696-product_list.jpg", "unit_price_raw": "kr 250,00 per l", "product_url": "https://kolonial.no/produkter/21169-dr-greve-rik-pleiende-bodylotion/", "kolonial_id": "21169"},
  {"category": "Gulost", "category_list": ["Alle varer", "Oster", "Gulost"], "title": "Jarlsberg 27%", "price": 93.2, "product_variant": "ca. 700 g", "quantity_info": [[700.0, "g"]], "image_url": "/media/uploads/public/362/71/970471-a0d56-product_list.jpg", "unit_price_raw": "kr 133,14 per kg", "product_url": "https://kolonial.no/produkter/435-tine-jarlsberg-27-700g/", "kolonial_id": "435"},
  {"category": "Oppvask", "category_list": ["Alle varer", "T\u00f8rkepapir og vaskemidler", "Oppvask"], "title": "Sun Maxpower Alt I 1", "price": 142.6, "product_variant": "Megapakke, 90 stk", "quantity_info": [[90.0, "stk"]], "image_url": "/media/uploads/public/294/326/967926-cf163-product_list.jpg", "unit_price_raw": "kr 1,58 per stk", "product_url": "https://kolonial.no/produkter/13021-sun-sun-maxpower-alt-i-1-megapakke-90stk/", "kolonial_id": "13021"},
  {"category": "Fiskekaker", "category_list": ["Alle varer", "Fisk og sj\u00f8mat", "Fiskekaker"], "title": "Fiskeburger Purre&Paprika", "price": 53.2, "product_variant": "67% Fisk, 480 g", "quantity_info": [[67.0, "Fisk"], [480.0, "g"]], "image_url": "/media/uploads/public/360/117/296117-6341c-product_list.jpg", "unit_price_raw": "kr 110,83 per kg", "product_url": "https://kolonial.no/produkter/4894-fiskeriet-fiskeburger-purrepaprika-67-fisk/", "kolonial_id": "4894"},
  {"category": "Fryst pizza", "category_list": ["Alle varer", "Pizza og taco", "Fryst pizza"], "title": "Pizza med Grillede Gr\u00f8nnsaker", "price": 68.5, "product_variant": "\u00d8kologisk, 427 g", "quantity_info": [[427.0, "g"]], "image_url": "/media/uploads/public/356/327/524727-cd028-product_list.jpg", "unit_price_raw": "kr 160,42 per kg", "product_url": "https://kolonial.no/produkter/26363-pizzabakeriet-pizza-med-grillede-gronnsaker-okolog/", "kolonial_id": "26363"},
  {"category": "Tannpleie", "category_list": ["Alle varer", "Hygieneartikler", "Tannpleie"], "title": "Zendium Tannkrem Fresh+ White", "price": 37.9, "product_variant": "75 ml", "quantity_info": [[75.0, "ml"]], "image_url": "/media/uploads/public/351/104/972504-67966-product_list.jpg", "unit_price_raw": "kr 505,33 per l", "product_url": "https://kolonial.no/produkter/13939-zendium-zendium-tannkrem-fresh-white/", "kolonial_id": "13939"},
  {"category": "Vaskemidler", "category_list": ["Alle varer", "T\u00f8rkepapir og vaskemidler", "Vaskemidler"], "title": "Baderom", "price": 35.8, "product_variant": "Spray, 500 ml", "quantity_info": [[500.0, "ml"]], "image_url": "/media/uploads/public/74/325/1007925-dab13-product_list.jpg", "unit_price_raw": "kr 71,60 per l", "product_url": "https://kolonial.no/produkter/1091-jif-baderom-spray-500ml/", "kolonial_id": "1091"},
  {"category": "Skalldyr", "category_list": ["Alle varer", "Fisk og sj\u00f8mat", "Skalldyr"], "title": "Bl\u00e5skjell", "price": 60.9, "product_variant": "Fiskcentralen, \n                            \n\n                            1 kg", "quantity_info": [[1.0, "kg"]], "image_url": "/media/uploads/public/251/311/968711-efe6c-product_list_large.jpg", "unit_price_raw": "kr 60,90 per kg", "product_url": "https://kolonial.no/produkter/16461-fiskcentralen-blaskjell-1kg/", "kolonial_id": "16461"},
  {"category": "Frossen fisk og sj\u00f8mat", "category_list": ["Alle varer", "Fisk og sj\u00f8mat", "Frossen fisk og sj\u00f8mat"], "title": "Fiskepinner", "price": 55.1, "product_variant": "750 g", "quantity_info": [[750.0, "g"]], "image_url": "/media/uploads/public/252/212/972212-7368a-product_list.jpg", "unit_price_raw": "kr 73,47 per kg", "product_url": "https://kolonial.no/produkter/8906-findus-fiskepinner-750g/", "kolonial_id": "8906"},
  {"category": "Revet ost", "category_list": ["Alle varer", "Oster", "Revet ost"], "title": "Revet \u00d8konomiblanding", "price": 45.1, "product_variant": "450 g", "quantity_info": [[450.0, "g"]], "image_url": "/media/uploads/public/275/92/969692-4d825-product_list.jpg", "unit_price_raw": "kr 100,22 per kg", "product_url": "https://kolonial.no/produkter/4867-synnove-revet-okonomiblanding-500g/", "kolonial_id": "4867"},
  {"category": "Ferske br\u00f8d", "category_list": ["Alle varer", "Br\u00f8d og frokostblandinger", "Ferske br\u00f8d"], "title": "Solsikkebr\u00f8d", "price": 39.9, "product_variant": "Ferskt, 770 g", "quantity_info": [[770.0, "g"]], "image_url": "/media/uploads/public/112/378/659178-2a9f4-product_list.jpg", "unit_price_raw": "kr 51,82 per kg", "product_url": "https://kolonial.no/produkter/16425-brodverket-solsikkebrod-ferskt-okologisk/", "kolonial_id": "16425"},
  {"category": "Hermetisert sj\u00f8mat", "category_list": ["Alle varer", "Fisk og sj\u00f8mat", "Hermetisert sj\u00f8mat"], "title": "Store Reker I Lake", "price": 47.5, "product_variant": "200 g", "quantity_info": [[200.0, "g"]], "image_url": "/media/uploads/public/111/154/966554-1f25e-product_list.jpg", "unit_price_raw": "kr 237,50 per kg", "product_url": "https://kolonial.no/produkter/4960-godehav-store-reker-i-lake-200g/", "kolonial_id": "4960"},
  {"category": "Klesvask", "category_list": ["Alle varer", "T\u00f8rkepapir og vaskemidler", "Klesvask"], "title": "Neutral Color", "price": 56.3, "product_variant": "975 g", "quantity_info": [[975.0, "g"]], "image_url": "/media/uploads/public/306/140/967340-1eb40-product_list.jpg", "unit_price_raw": "kr 57,74 per kg", "product_url": "https://kolonial.no/produkter/1651-neutral-neutral-color-975g/", "kolonial_id": "1651"},
  {"category": "B\u00f8ker", "category_list": ["Alle varer", "Magasiner og b\u00f8ker", "B\u00f8ker"], "title": "Kjernesunt", "price": 388.2, "product_variant": "Kokebok, Innbundet, 1 stk", "quantity_info": [[1.0, "stk"]], "image_url": "/media/uploads/public/266/77/138877-48500-product_list.jpg", "unit_price_raw": "kr 388,20 per stk", "product_url": "https://kolonial.no/produkter/11590-versal-gyldendal-kjernesunt-kokebok-innbundet/", "kolonial_id": "11590"},
  {"category": "Fersk fisk", "category_list": ["Alle varer", "Fisk og sj\u00f8mat", "Fersk fisk"], "title": "Laksefilet med Skinn", "price": 99.0, "product_variant": "Domstein, \n                            \n\n                            Fersk, ca. 400 g", "quantity_info": [[400.0, "g"]], "image_url": "/media/uploads/public/309/341/152741-6896f-product_list_large.jpg", "unit_price_raw": "kr 247,50 per kg", "product_url": "https://kolonial.no/produkter/24888-domstein-laksefilet-med-skinn-fersk/", "kolonial_id": "24888"},
  {"category": "Oljer og dressinger", "category_list": ["Alle varer", "Olje og krydder", "Oljer og dressinger"], "title": "Olivenolje Extra Virgin", "price": 46.9, "product_variant": "0,5 l", "quantity_info": [[0.5, "l"]], "image_url": "/media/uploads/public/35/264/973864-5a027-product_list.jpg", "unit_price_raw": "kr 93,80 per l", "product_url": "https://kolonial.no/produkter/8742-rema-1000-olivenolje-extra-virgin-05l/", "kolonial_id": "8742"},
  {"category": "Ferdigmikser", "category_list": ["Alle varer", "Mel og bakeingredienser", "Ferdigmikser"], "title": "Sjokoladekake", "price": 53.0, "product_variant": "Langpanne, 760 g", "quantity_info": [[760.0, "g"]], "image_url": "/media/uploads/public/275/302/967502-2ce29-product_list.jpg", "unit_price_raw": "kr 69,74 per kg", "product_url": "https://kolonial.no/produkter/11-toro-sjokoladekake-langpanne-760g/", "kolonial_id": "11"},
  {"category": "Tyggis og pastiller", "category_list": ["Alle varer", "Snacks og godteri", "Tyggis og pastiller"], "title": "Extra White Sweetmint", "price": 44.9, "product_variant": "84 g", "quantity_info": [[84.0, "g"]], "image_url": "/media/uploads/public/125/297/967897-a5d52-product_list.jpg", "unit_price_raw": "kr 534,52 per kg", "product_url": "https://kolonial.no/produkter/14584-extra-extra-white-sweetmint/", "kolonial_id": "14584"},
  {"category": "Storfe", "category_list": ["Alle varer", "Kj\u00f8tt og kylling", "Storfe"], "title": "Hellstr\u00f8ms Ytrefilet av Angus", "price": 470.0, "product_variant": "Fra Str\u00f8m-Larsen, 800 g", "quantity_info": [[800.0, "g"]], "image_url": "/media/uploads/public/392/264/374264-7101e-product_list.jpg", "unit_price_raw": "kr 587,50 per kg", "product_url": "https://kolonial.no/produkter/26072-strom-larsen-hellstroms-ytrefilet-av-angus-fra-str/", "kolonial_id": "26072"},
  {"category": "Potter og Vaser", "category_list": ["Alle varer", "Blomster og planter", "Potter og Vaser"], "title": "Potte Sort 13cm", "price": 100.0, "product_variant": "1 stk", "quantity_info": [[1.0, "stk"]], "image_url": "/media/uploads/public/397/89/992489-e82ac-product_list.jpg", "unit_price_raw": "kr 100,00 per stk", "product_url": "https://kolonial.no/produkter/28011-potte-sort-o-13cm-1-stk/", "kolonial_id": "28011"},
  {"category": "P\u00f8lsebr\u00f8d, hamburgerbr\u00f8d og boller", "category_list": ["Alle varer", "Br\u00f8d og frokostblandinger", "P\u00f8lsebr\u00f8d, hamburgerbr\u00f8d og boller"], "title": "Fersk Tacolefse", "price": 37.0, "product_variant": "6 stk, 360 g", "quantity_info": [[6.0, "stk"], [360.0, "g"]], "image_url": "/media/uploads/public/329/31/132031-cda9e-product_list.jpg", "unit_price_raw": "kr 102,78 per kg", "product_url": "https://kolonial.no/produkter/23438-fersk-tacolefse-6-stk/", "kolonial_id": "23438"},
  {"category": "P\u00f8lsebr\u00f8d, hamburgerbr\u00f8d og boller", "category_list": ["Alle varer", "Br\u00f8d og frokostblandinger", "P\u00f8lsebr\u00f8d, hamburgerbr\u00f8d og boller"], "title": "Chicago P\u00f8lsebr\u00f8d", "price": 24.2, "product_variant": "400 g", "quantity_info": [[400.0, "g"]], "image_url": "/media/uploads/public/39/131/972131-3c8fc-product_list.jpg", "unit_price_raw": "kr 60,50 per kg", "product_url": "https://kolonial.no/produkter/17395-hatting-chicago-polsebrod/", "kolonial_id": "17395"},
  {"category": "Frokostblandinger og gryn", "category_list": ["Alle varer", "Br\u00f8d og frokostblandinger", "Frokostblandinger og gryn"], "title": "All-bran Regular", "price": 28.8, "product_variant": "500 g", "quantity_info": [[500.0, "g"]], "image_url": "/media/uploads/public/333/185/186185-6e4d0-product_list.jpg", "unit_price_raw": "kr 57,60 per kg", "product_url": "https://kolonial.no/produkter/2590-kelloggs-all-bran-regular-500g/", "kolonial_id": "2590"},
  {"category": "Bursdag", "category_list": ["Alle varer", "Barneprodukter", "Bursdag"], "title": "Liten Tallerken Rosa", "price": 42.1, "product_variant": "8 stk", "quantity_info": [[8.0, "stk"]], "image_url": "/media/uploads/public/381/17/130417-1d7d3-product_list.jpg", "unit_price_raw": "kr 5,26 per stk", "product_url": "https://kolonial.no/produkter/23562-festligeting-liten-tallerken-rosa/", "kolonial_id": "23562"},
  {"category": "Frosne br\u00f8d og rundstykker", "category_list": ["Alle varer", "Br\u00f8d og frokostblandinger", "Frosne br\u00f8d og rundstykker"], "title": "Bagels", "price": 45.6, "product_variant": "6 stk, 510 g", "quantity_info": [[6.0, "stk"], [510.0, "g"]], "image_url": "/media/uploads/public/326/366/967166-1bb16-product_list.jpg", "unit_price_raw": "kr 89,41 per kg", "product_url": "https://kolonial.no/produkter/3241-hatting-bagels-6-stk/", "kolonial_id": "3241"},
  {"category": "Frosne br\u00f8d og rundstykker", "category_list": ["Alle varer", "Br\u00f8d og frokostblandinger", "Frosne br\u00f8d og rundstykker"], "title": "Ekstra Grove Rundstykker", "price": 42.2, "product_variant": "520 g", "quantity_info": [[520.0, "g"]], "image_url": "/media/uploads/public/340/332/524732-1d676-product_list.jpg", "unit_price_raw": "kr 81,15 per kg", "product_url": "https://kolonial.no/produkter/26368-hatting-ekstra-grove-rundstykker/", "kolonial_id": "26368"},
  {"category": "Smokker og t\u00e5teflasker", "category_list": ["Alle varer", "Barneprodukter", "Smokker og t\u00e5teflasker"], "title": "Flaskesmokk", "price": 67.5, "product_variant": "Fra 4 mnd, 2 stk", "quantity_info": [[4.0, "mnd"], [2.0, "stk"]], "image_url": "/media/uploads/public/332/64/964464-2608b-product_list.jpg", "unit_price_raw": "kr 33,75 per stk", "product_url": "https://kolonial.no/produkter/14044-mam-flaskesmokk-fra-4-mnd-2stk/", "kolonial_id": "14044"},
  {"category": "Supper", "category_list": ["Alle varer", "Middager og tilbeh\u00f8r", "Supper"], "title": "Kj\u00f8ttsuppe", "price": 38.2, "product_variant": "350 g", "quantity_info": [[350.0, "g"]], "image_url": "/media/uploads/public/155/79/628479-17321-product_list.jpg", "unit_price_raw": "kr 109,14 per kg", "product_url": "https://kolonial.no/produkter/26867-fjordland-kjottsuppe/", "kolonial_id": "26867"},
  {"category": "Knekkebr\u00f8d", "category_list": ["Alle varer", "Br\u00f8d og frokostblandinger", "Knekkebr\u00f8d"], "title": "Sport+ Knekkebr\u00f8d", "price": 16.4, "product_variant": "225 g", "quantity_info": [[225.0, "g"]], "image_url": "/media/uploads/public/242/35/974035-18056-product_list.jpg", "unit_price_raw": "kr 72,89 per kg", "product_url": "https://kolonial.no/produkter/1699-wasa-sport-knekkebrod-225g/", "kolonial_id": "1699"},
  {"category": "Langtidsholdbare br\u00f8d", "category_list": ["Alle varer", "Br\u00f8d og frokostblandinger", "Langtidsholdbare br\u00f8d"], "title": "Polarbr\u00f8d Hvete", "price": 29.4, "product_variant": "12pk, 450 g", "quantity_info": [[12.0, "pk"], [450.0, "g"]], "image_url": "/media/uploads/public/328/395/998795-516db-product_list.jpg", "unit_price_raw": "kr 65,33 per kg", "product_url": "https://kolonial.no/produkter/4180-polarbrod-polarbrod-hvete-12pk/", "kolonial_id": "4180"},
  {"category": "V\u00e5tservietter og s\u00e5pe", "category_list": ["Alle varer", "Barneprodukter", "V\u00e5tservietter og s\u00e5pe"], "title": "Neutral Baby V\u00e5tservietter", "price": 26.4, "product_variant": "63 stk", "quantity_info": [[63.0, "stk"]], "image_url": "/media/uploads/public/303/273/964273-af2e1-product_list.jpg", "unit_price_raw": "kr 0,42 per stk", "product_url": "https://kolonial.no/produkter/7657-neutral-neutral-baby-vatservietter/", "kolonial_id": "7657"},
  {"category": "V\u00e5tservietter og s\u00e5pe", "category_list": ["Alle varer", "Barneprodukter", "V\u00e5tservietter og s\u00e5pe"], "title": "Libero V\u00e5tserviett", "price": 69.3, "product_variant": "4 pk, 256 wipes, 256 stk", "quantity_info": [[4.0, "pk"], [256.0, "wipes"], [256.0, "stk"]], "image_url": "/media/uploads/public/202/158/964958-3036a-product_list.jpg", "unit_price_raw": "kr 0,27 per stk", "product_url": "https://kolonial.no/produkter/1456-libero-libero-vatserviett-4-pk-256-wipes/", "kolonial_id": "1456"},
  {"category": "Pasta og nudler", "category_list": ["Alle varer", "Middager og tilbeh\u00f8r", "Pasta og nudler"], "title": "Tortelloni Bolognese", "price": 43.6, "product_variant": "500 g", "quantity_info": [[500.0, "g"]], "image_url": "/media/uploads/public/0/138/39738-91dfe-product_list.jpg", "unit_price_raw": "kr 87,20 per kg", "product_url": "https://kolonial.no/produkter/16209-rema-1000-tortelloni-bolognese/", "kolonial_id": "16209"},
  {"category": "Batterier", "category_list": ["Alle varer", "Husholdning og tekstil", "Batterier"], "title": "Batteri AAA Plus Power", "price": 55.0, "product_variant": "4 stk", "quantity_info": [[4.0, "stk"]], "image_url": "/media/uploads/public/81/139/970139-fa093-product_list.jpg", "unit_price_raw": "kr 13,75 per stk", "product_url": "https://kolonial.no/produkter/20929-duracell-batteri-aaa-plus-power/", "kolonial_id": "20929"},
  {"category": "Hamburgere", "category_list": ["Alle varer", "Kj\u00f8tt og kylling", "Hamburgere"], "title": "Hamburger Original", "price": 27.7, "product_variant": "2 x 100g, 200 g", "quantity_info": [[2.0, "x"], [100.0, "g"], [200.0, "g"]], "image_url": "/media/uploads/public/356/72/970472-f15b0-product_list.jpg", "unit_price_raw": "kr 138,50 per kg", "product_url": "https://kolonial.no/produkter/21634-grilstad-hamburger-original-2-x-100g/", "kolonial_id": "21634"},
  {"category": "Hermetisert frukt og gr\u00f8nt", "category_list": ["Alle varer", "Frukt og gr\u00f8nt", "Hermetisert frukt og gr\u00f8nt"], "title": "Petti Tomatpure", "price": 13.9, "product_variant": "140 g", "quantity_info": [[140.0, "g"]], "image_url": "/media/uploads/public/39/214/660214-92d56-product_list.jpg", "unit_price_raw": "kr 99,29 per kg", "product_url": "https://kolonial.no/produkter/27149-petti-petti-tomatpure/", "kolonial_id": "27149"},
  {"category": "Hermetisert frukt og gr\u00f8nt", "category_list": ["Alle varer", "Frukt og gr\u00f8nt", "Hermetisert frukt og gr\u00f8nt"], "title": "Tomatpur\u00e9", "price": 21.3, "product_variant": "\u00d8kologisk, 200 g", "quantity_info": [[200.0, "g"]], "image_url": "/media/uploads/public/0/24/83224-d81b6-product_list.jpg", "unit_price_raw": "kr 106,50 per kg", "product_url": "https://kolonial.no/produkter/20257-helios-tomatpure-okologisk/", "kolonial_id": "20257"},
  {"category": "Diverse husholdning", "category_list": ["Alle varer", "Husholdning og tekstil", "Diverse husholdning"], "title": "Fyrstikker XL", "price": 14.7, "product_variant": "Ekstra Lange, 48 stk", "quantity_info": [[48.0, "stk"]], "image_url": "/media/uploads/public/377/179/969379-29f6e-product_list.jpg", "unit_price_raw": "kr 0,31 per stk", "product_url": "https://kolonial.no/produkter/18133-nitedals-fyrstikker-xl-ekstra-lange/", "kolonial_id": "18133"},
  {"category": "Undert\u00f8y", "category_list": ["Alle varer", "Husholdning og tekstil", "Undert\u00f8y"], "title": "Cotton Boxer White", "price": 87.6, "product_variant": "Large, 1 stk", "quantity_info": [[1.0, "stk"]], "image_url": "/media/uploads/public/0/142/15742-63689-product_list.jpg", "unit_price_raw": "kr 87,60 per stk", "product_url": "https://kolonial.no/produkter/11095-pierre-robert-cotton-boxer-white-large/", "kolonial_id": "11095"},
  {"category": "Kj\u00f8ttdeig og karbonadedeig", "category_list": ["Alle varer", "Kj\u00f8tt og kylling", "Kj\u00f8ttdeig og karbonadedeig"], "title": "Naturlig godt Kj\u00f8ttdeig, \u00f8kologisk", "price": 59.5, "product_variant": "Uten salt og vann, 400 g", "quantity_info": [[400.0, "g"]], "image_url": "/media/uploads/public/203/277/972677-9801d-product_list.jpg", "unit_price_raw": "kr 148,75 per kg", "product_url": "https://kolonial.no/produkter/26675-gilde-naturlig-godt-kjottdeig-okologisk-uten-salt-/", "kolonial_id": "26675"},
  {"category": "Urter og spirer", "category_list": ["Alle varer", "Frukt og gr\u00f8nt", "Urter og spirer"], "title": "Purrel\u00f8kspirer", "price": 28.9, "product_variant": "Norge, 50 g", "quantity_info": [[50.0, "g"]], "image_url": "/media/uploads/public/61/119/613319-4d8ca-product_list.jpg", "unit_price_raw": "kr 578,00 per kg", "product_url": "https://kolonial.no/produkter/26466-purrelokspirer-norge/", "kolonial_id": "26466"},
  {"category": "Svin", "category_list": ["Alle varer", "Kj\u00f8tt og kylling", "Svin"], "title": "R\u00f8kte Knoker", "price": 120.0, "product_variant": "Str\u00f8m-Larsen, 1,4 kg", "quantity_info": [[1.4, "kg"]], "image_url": "/media/uploads/public/0/305/67105-9e0ff-product_list.jpg", "unit_price_raw": "kr 85,71 per kg", "product_url": "https://kolonial.no/produkter/18448-strom-larsen-rokte-knoker-strom-larsen/", "kolonial_id": "18448"},
  {"category": "Svin", "category_list": ["Alle varer", "Kj\u00f8tt og kylling", "Svin"], "title": "Svin Indrefilet", "price": 69.2, "product_variant": "ca. 600 g", "quantity_info": [[600.0, "g"]], "image_url": "/media/uploads/public/0/2/8402-6a5a5-product_list.jpg", "unit_price_raw": "kr 115,33 per kg", "product_url": "https://kolonial.no/produkter/3898-nordfjord-svin-indrefilet/", "kolonial_id": "3898"},
  {"category": "Ferdige middagsretter", "category_list": ["Alle varer", "Middager og tilbeh\u00f8r", "Ferdige middagsretter"], "title": "Kylling Tikka Masala", "price": 129.0, "product_variant": "Fiks ferdig, 2 Porsjoner, 800 g", "quantity_info": [[2.0, "Porsjoner"], [800.0, "g"]], "image_url": "/media/uploads/public/106/281/991481-b2b23-product_list.jpg", "unit_price_raw": "kr 161,25 per kg", "product_url": "https://kolonial.no/produkter/28004-gastro-kitchen-kylling-tikka-masala-fersk-ferdig-m/", "kolonial_id": "28004"},
  {"category": "Ferdigsauser", "category_list": ["Alle varer", "Middager og tilbeh\u00f8r", "Ferdigsauser"], "title": "Tomatsaus", "price": 62.8, "product_variant": "med oliven, solt\u00f8rket tomat og oregano, 390 g", "quantity_info": [[390.0, "g"]], "image_url": "/media/uploads/public/0/52/2452-69d06-product_list.jpg", "unit_price_raw": "kr 161,03 per kg", "product_url": "https://kolonial.no/produkter/2143-superbra-tomatsaus-med-oliven-soltorket-tomat-og-o/", "kolonial_id": "2143"},
  {"category": "Ferdigsauser", "category_list": ["Alle varer", "Middager og tilbeh\u00f8r", "Ferdigsauser"], "title": "Tomatsaus", "price": 62.8, "product_variant": "med aubergine, paprika og fennikel, 390 g", "quantity_info": [[390.0, "g"]], "image_url": "/media/uploads/public/0/55/2455-3ca41-product_list.jpg", "unit_price_raw": "kr 161,03 per kg", "product_url": "https://kolonial.no/produkter/2140-superbra-tomatsaus-med-aubergine-paprika-og-fennik/", "kolonial_id": "2140"},
  {"category": "P\u00f8lser", "category_list": ["Alle varer", "Kj\u00f8tt og kylling", "P\u00f8lser"], "title": "P\u00f8lser Chipotle", "price": 80.6, "product_variant": "3stk, Str\u00f8m-Larsen, 350 g", "quantity_info": [[3.0, "stkStr\u00f8mLarsen"], [350.0, "g"]], "image_url": "/media/uploads/public/0/215/40215-a8a2e-product_list.jpg", "unit_price_raw": "kr 230,29 per kg", "product_url": "https://kolonial.no/produkter/15235-strom-larsen-polser-chipotle-3stk-strom-larsen/", "kolonial_id": "15235"},
  {"category": "Kontor", "category_list": ["Alle varer", "Husholdning og tekstil", "Kontor"], "title": "Strikk", "price": 20.2, "product_variant": "25g, 1 stk", "quantity_info": [[25.0, "g"], [1.0, "stk"]], "image_url": "/media/uploads/public/0/232/45832-cb3dd-product_list.jpg", "unit_price_raw": "kr 20,20 per stk", "product_url": "https://kolonial.no/produkter/14695-strikk-25g/", "kolonial_id": "14695"},
  {"category": "Fr\u00f8, n\u00f8tter og t\u00f8rket frukt", "category_list": ["Alle varer", "Frukt og gr\u00f8nt", "Fr\u00f8, n\u00f8tter og t\u00f8rket frukt"], "title": "Yoghurtn\u00f8tter", "price": 42.2, "product_variant": "80 g", "quantity_info": [[80.0, "g"]], "image_url": "/media/uploads/public/377/369/968769-bb8c6-product_list.jpg", "unit_price_raw": "kr 527,50 per kg", "product_url": "https://kolonial.no/produkter/16576-den-lille-nottefabrikken-yoghurtnotter/", "kolonial_id": "16576"},
  {"category": "Deiger og bunner", "category_list": ["Alle varer", "Br\u00f8d og frokostblandinger", "Deiger og bunner"], "title": "Fersk Paideig", "price": 32.7, "product_variant": "250 g", "quantity_info": [[250.0, "g"]], "image_url": "/media/uploads/public/218/353/790353-1ca48-product_list.jpg", "unit_price_raw": "kr 130,80 per kg", "product_url": "https://kolonial.no/produkter/27510-fersk-paideig/", "kolonial_id": "27510"},
  {"category": "Deiger og bunner", "category_list": ["Alle varer", "Br\u00f8d og frokostblandinger", "Deiger og bunner"], "title": "Pizzabunn Familie", "price": 20.0, "product_variant": "550 g", "quantity_info": [[550.0, "g"]], "image_url": "/media/uploads/public/66/99/296099-8a454-product_list.jpg", "unit_price_raw": "kr 36,36 per kg", "product_url": "https://kolonial.no/produkter/25123-rema-1000-pizzabunn-familie/", "kolonial_id": "25123"},
  {"category": "Kj\u00f8ttboller og karbonader", "category_list": ["Alle varer", "Kj\u00f8tt og kylling", "Kj\u00f8ttboller og karbonader"], "title": "Biffkarbonader Pannestekt", "price": 71.3, "product_variant": "360 g", "quantity_info": [[360.0, "g"]], "image_url": "/media/uploads/public/325/169/645369-ab060-product_list.jpg", "unit_price_raw": "kr 198,06 per kg", "product_url": "https://kolonial.no/produkter/17914-finsbraten-biffkarbonader-pannestekt/", "kolonial_id": "17914"},
  {"category": "Kj\u00f8kkenredskap", "category_list": ["Alle varer", "Husholdning og tekstil", "Kj\u00f8kkenredskap"], "title": "Serveringsskje Stor", "price": 37.4, "product_variant": "1 stk", "quantity_info": [[1.0, "stk"]], "image_url": "/media/uploads/public/0/3/46003-cb1d1-product_list.jpg", "unit_price_raw": "kr 37,40 per stk", "product_url": "https://kolonial.no/produkter/14956-serveringsskje-stor-nylon/", "kolonial_id": "14956"},
  {"category": "Engangs og Servietter", "category_list": ["Alle varer", "Husholdning og tekstil", "Engangs og Servietter"], "title": "Teskjeer Engangs", "price": 43.6, "product_variant": "100 stk", "quantity_info": [[100.0, "stk"]], "image_url": "/media/uploads/public/0/241/21841-df9f4-product_list.jpg", "unit_price_raw": "kr 0,44 per stk", "product_url": "https://kolonial.no/produkter/10511-teskjeer-engangs-100-stk/", "kolonial_id": "10511"},
  {"category": "Engangs og Servietter", "category_list": ["Alle varer", "Husholdning og tekstil", "Engangs og Servietter"], "title": "Plastgafler Transperent", "price": 18.2, "product_variant": "20 stk", "quantity_info": [[20.0, "stk"]], "image_url": "/media/uploads/public/0/214/21814-9aabd-product_list.jpg", "unit_price_raw": "kr 0,91 per stk", "product_url": "https://kolonial.no/produkter/11818-plastgafler-transperent/", "kolonial_id": "11818"},
  {"category": "Salater og k\u00e5l", "category_list": ["Alle varer", "Frukt og gr\u00f8nt", "Salater og k\u00e5l"], "title": "Lollosalat R\u00f8d", "price": 30.9, "product_variant": "Spania/ Italia, 400 g", "quantity_info": [[400.0, "g"]], "image_url": "/media/uploads/public/0/71/92071-6141c-product_list.jpg", "unit_price_raw": "kr 77,25 per kg", "product_url": "https://kolonial.no/produkter/19717-lollosalat-rod-italia/", "kolonial_id": "19717"},
  {"category": "Gr\u00f8nnsaker", "category_list": ["Alle varer", "Frukt og gr\u00f8nt", "Gr\u00f8nnsaker"], "title": "Cherrytomater, klase", "price": 34.9, "product_variant": "Holland, 400 g", "quantity_info": [[400.0, "g"]], "image_url": "/media/uploads/public/378/43/719243-c85a4-product_list.jpg", "unit_price_raw": "kr 87,25 per kg", "product_url": "https://kolonial.no/produkter/27625-cherrytomater-klase-holland/", "kolonial_id": "27625"},
  {"category": "Frukt", "category_list": ["Alle varer", "Frukt og gr\u00f8nt", "Frukt"], "title": "Rips", "price": 29.9, "product_variant": "Nederland, 125 g", "quantity_info": [[125.0, "g"]], "image_url": "/media/uploads/public/311/2/124402-54df9-product_list.jpg", "unit_price_raw": "kr 239,20 per kg", "product_url": "https://kolonial.no/produkter/23253-rips-nederland/", "kolonial_id": "23253"},
  {"category": "Frossen frukt og gr\u00f8nt", "category_list": ["Alle varer", "Frukt og gr\u00f8nt", "Frossen frukt og gr\u00f8nt"], "title": "Viltblanding", "price": 23.9, "product_variant": "500 g", "quantity_info": [[500.0, "g"]], "image_url": "/media/uploads/public/287/375/970775-57c05-product_list.jpg", "unit_price_raw": "kr 47,80 per kg", "product_url": "https://kolonial.no/produkter/8404-rema-1000-viltblanding-500g/", "kolonial_id": "8404"},
  {"category": "Frossen frukt og gr\u00f8nt", "category_list": ["Alle varer", "Frukt og gr\u00f8nt", "Frossen frukt og gr\u00f8nt"], "title": "Selskapsblanding", "price": 23.8, "product_variant": "500 g", "quantity_info": [[500.0, "g"]], "image_url": "/media/uploads/public/286/78/971278-18faa-product_list.jpg", "unit_price_raw": "kr 47,60 per kg", "product_url": "https://kolonial.no/produkter/8410-rema-1000-selskapsblanding-500g/", "kolonial_id": "8410"},
  {"category": "Middags-kit og gryteretter", "category_list": ["Alle varer", "Middager og tilbeh\u00f8r", "Middags-kit og gryteretter"], "title": "Tomat P\u00f8lsegryte", "price": 51.9, "product_variant": "108 g", "quantity_info": [[108.0, "g"]], "image_url": "/media/uploads/public/97/208/965408-12aa3-product_list.jpg", "unit_price_raw": "kr 480,56 per kg", "product_url": "https://kolonial.no/produkter/727-toro-tomat-polsegryte/", "kolonial_id": "727"},
  {"category": "Ris og gryn", "category_list": ["Alle varer", "Middager og tilbeh\u00f8r", "Ris og gryn"], "title": "Jasminris", "price": 40.5, "product_variant": "2 kg", "quantity_info": [[2.0, "kg"]], "image_url": "/media/uploads/public/177/366/967566-26b6c-product_list.jpg", "unit_price_raw": "kr 20,25 per kg", "product_url": "https://kolonial.no/produkter/8849-rema-1000-jasminris-2kg/", "kolonial_id": "8849"},
  {"category": "Posesauser", "category_list": ["Alle varer", "Middager og tilbeh\u00f8r", "Posesauser"], "title": "Peppersaus", "price": 17.1, "product_variant": "30 g", "quantity_info": [[30.0, "g"]], "image_url": "/media/uploads/public/180/280/967480-2dbeb-product_list.jpg", "unit_price_raw": "kr 570,00 per kg", "product_url": "https://kolonial.no/produkter/732-toro-peppersaus/", "kolonial_id": "732"},
  {"category": "Middagstilbeh\u00f8r", "category_list": ["Alle varer", "Middager og tilbeh\u00f8r", "Middagstilbeh\u00f8r"], "title": "K\u00e5lrabistappe", "price": 24.4, "product_variant": "85 g", "quantity_info": [[85.0, "g"]], "image_url": "/media/uploads/public/332/181/965381-ef0c6-product_list.jpg", "unit_price_raw": "kr 287,06 per kg", "product_url": "https://kolonial.no/produkter/735-toro-kalrabistappe/", "kolonial_id": "735"},
  {"category": "Lys", "category_list": ["Alle varer", "Husholdning og tekstil", "Lys"], "title": "Oljelys", "price": 25.2, "product_variant": "2 stk", "quantity_info": [[2.0, "stk"]], "image_url": "/media/uploads/public/0/222/23422-85123-product_list.jpg", "unit_price_raw": "kr 12,60 per stk", "product_url": "https://kolonial.no/produkter/11776-oljelys-2-stk/", "kolonial_id": "11776"},
  {"category": "Lys", "category_list": ["Alle varer", "Husholdning og tekstil", "Lys"], "title": "Fakkelboks", "price": 17.5, "product_variant": "2 stk", "quantity_info": [[2.0, "stk"]], "image_url": "/media/uploads/public/0/247/21847-171e4-product_list.jpg", "unit_price_raw": "kr 8,75 per stk", "product_url": "https://kolonial.no/produkter/11713-fakkelboks-2-stk/", "kolonial_id": "11713"},
  {"category": "N\u00f8tter", "category_list": ["Alle varer", "Snacks og godteri", "N\u00f8tter"], "title": "Turmiks", "price": 39.4, "product_variant": "N\u00f8tter & Sjokolade, 260 g", "quantity_info": [[260.0, "g"]], "image_url": "/media/uploads/public/172/337/969937-6986f-product_list.jpg", "unit_price_raw": "kr 151,54 per kg", "product_url": "https://kolonial.no/produkter/254-polly-turmiks-notter-sjokolade/", "kolonial_id": "254"},
  {"category": "Kylling, kalkun og and", "category_list": ["Alle varer", "Kj\u00f8tt og kylling", "Kylling, kalkun og and"], "title": "Hel Landkylling", "price": 164.7, "product_variant": "Fersk, ca. 1,8 kg", "quantity_info": [[1.8, "kg"]], "image_url": "/media/uploads/public/352/331/973931-99552-product_list.jpg", "unit_price_raw": "kr 91,50 per kg", "product_url": "https://kolonial.no/produkter/23266-stanges-gardsprodukter-hel-landkylling-fersk/", "kolonial_id": "23266"},
  {"category": "Bacon og tilbeh\u00f8r", "category_list": ["Alle varer", "Kj\u00f8tt og kylling", "Bacon og tilbeh\u00f8r"], "title": "Bacon Skivet", "price": 29.7, "product_variant": "100 g", "quantity_info": [[100.0, "g"]], "image_url": "/media/uploads/public/173/135/970535-63b57-product_list.jpg", "unit_price_raw": "kr 297,00 per kg", "product_url": "https://kolonial.no/produkter/21787-tulip-bacon-skivet/", "kolonial_id": "21787"},
  {"category": "Morsmelkerstatning", "category_list": ["Alle varer", "Barneprodukter", "Morsmelkerstatning"], "title": "NAN Pro 2", "price": 102.3, "product_variant": "Fra 6 mnd, HMO, 700 g", "quantity_info": [[6.0, "mndHMO"], [700.0, "g"]], "image_url": "/media/uploads/public/46/154/998154-3cd7b-product_list.jpg", "unit_price_raw": "kr 146,14 per kg", "product_url": "https://kolonial.no/produkter/769-nestle-nan-pro-2-fra-6-mnd/", "kolonial_id": "769"},
  {"category": "Morsmelkerstatning", "category_list": ["Alle varer", "Barneprodukter", "Morsmelkerstatning"], "title": "NAN Pro 2 Fra 6mnd", "price": 17.5, "product_variant": "Drikkeklar, 200 ml", "quantity_info": [[200.0, "ml"]], "image_url": "/media/uploads/public/153/274/973474-60398-product_list.jpg", "unit_price_raw": "kr 87,50 per l", "product_url": "https://kolonial.no/produkter/1597-nestle-nan-pro-2-fra-6mnd-drikkeklar/", "kolonial_id": "1597"},
  {"category": "Smoothie, yoghurt og mellomm\u00e5ltid", "category_list": ["Alle varer", "Barneprodukter", "Smoothie, yoghurt og mellomm\u00e5ltid"], "title": "Lev Vel Smoothie S\u00f8tpotet & Bl\u00e5b\u00e6r", "price": 12.4, "product_variant": "Fra 6 mnd, 90 g", "quantity_info": [[6.0, "mnd"], [90.0, "g"]], "image_url": "/media/uploads/public/324/168/969368-4d2d2-product_list.jpg", "unit_price_raw": "kr 137,78 per kg", "product_url": "https://kolonial.no/produkter/17965-rema-1000-lev-vel-smoothie-sotpotet-blabaer-fra-6-/", "kolonial_id": "17965"},
  {"category": "Middagsglass", "category_list": ["Alle varer", "Barneprodukter", "Middagsglass"], "title": "Spagetti Bolognese \u00d8kologisk", "price": 21.1, "product_variant": "Fra 6 mnd, 190 g", "quantity_info": [[6.0, "mnd"], [190.0, "g"]], "image_url": "/media/uploads/public/118/191/992191-d3e76-product_list.jpg", "unit_price_raw": "kr 111,05 per kg", "product_url": "https://kolonial.no/produkter/26107-nestle-spagetti-bolognese-okologisk-fra-6-mnd/", "kolonial_id": "26107"},
  {"category": "Julens middagstilbeh\u00f8r", "category_list": ["Alle varer", "Middager og tilbeh\u00f8r", "Julens middagstilbeh\u00f8r"], "title": "Tytteb\u00e6rsyltet\u00f8y Hjemmelaget", "price": 40.5, "product_variant": "400 g", "quantity_info": [[400.0, "g"]], "image_url": "/media/uploads/public/354/4/965204-e2d57-product_list.jpg", "unit_price_raw": "kr 101,25 per kg", "product_url": "https://kolonial.no/produkter/1000-nora-tyttebaersyltetoy-hjemmelaget-400g/", "kolonial_id": "1000"},
  {"category": "Julens middagstilbeh\u00f8r", "category_list": ["Alle varer", "Middager og tilbeh\u00f8r", "Julens middagstilbeh\u00f8r"], "title": "Surk\u00e5l", "price": 8.4, "product_variant": "450 g", "quantity_info": [[450.0, "g"]], "image_url": "/media/uploads/public/361/35/965235-b0845-product_list.jpg", "unit_price_raw": "kr 18,67 per kg", "product_url": "https://kolonial.no/produkter/987-nora-surkal-450g/", "kolonial_id": "987"},
  {"category": "Poser og folie", "category_list": ["Alle varer", "Husholdning og tekstil", "Poser og folie"], "title": "Plastfolie", "price": 31.8, "product_variant": "60 m", "quantity_info": [[60.0, "m"]], "image_url": "/media/uploads/public/134/222/145022-c8cb7-product_list.jpg", "unit_price_raw": "kr 0,53 per m", "product_url": "https://kolonial.no/produkter/22282-plastfolie/", "kolonial_id": "22282"},
  {"category": "Rulletobakk", "category_list": ["Alle varer", "Snus og tobakk", "Rulletobakk"], "title": "Rizla Bl\u00e5 Enkle Sigarettpapir", "price": 13.9, "product_variant": "50 stk", "quantity_info": [[50.0, "stk"]], "image_url": "https://kolonial.no/static/products/img/placeholder.bffcea8d3530.png", "unit_price_raw": "kr 0,28 per stk", "product_url": "https://kolonial.no/produkter/17692-rizla-bla-enkle-sigarettpapir/", "kolonial_id": "17692"},
  {"category": "Gr\u00f8t", "category_list": ["Alle varer", "Barneprodukter", "Gr\u00f8t"], "title": "Spesialgr\u00f8t Sinlac", "price": 53.3, "product_variant": "Fra 4 mnd, 500 g", "quantity_info": [[4.0, "mnd"], [500.0, "g"]], "image_url": "/media/uploads/public/210/397/965997-d9052-product_list.jpg", "unit_price_raw": "kr 106,60 per kg", "product_url": "https://kolonial.no/produkter/1936-nestle-spesialgrot-sinlac-fra-4-mnd-500g/", "kolonial_id": "1936"},
  {"category": "Honning og s\u00f8tp\u00e5legg", "category_list": ["Alle varer", "P\u00e5legg", "Honning og s\u00f8tp\u00e5legg"], "title": "Peanutbutter", "price": 38.3, "product_variant": "Grov, 350 g", "quantity_info": [[350.0, "g"]], "image_url": "/media/uploads/public/365/226/967826-f6f71-product_list.jpg", "unit_price_raw": "kr 109,43 per kg", "product_url": "https://kolonial.no/produkter/614-mills-peanutbutter-grov-350g/", "kolonial_id": "614"},
  {"category": "Honning og s\u00f8tp\u00e5legg", "category_list": ["Alle varer", "P\u00e5legg", "Honning og s\u00f8tp\u00e5legg"], "title": "Lynghonning", "price": 59.9, "product_variant": "1 stk", "quantity_info": [[1.0, "stk"]], "image_url": "/media/uploads/public/210/187/990987-1fa65-product_list.jpg", "unit_price_raw": "kr 59,90 per stk", "product_url": "https://kolonial.no/produkter/27981-lien-gard-lynghonning/", "kolonial_id": "27981"},
  {"category": "Snus", "category_list": ["Alle varer", "Snus og tobakk", "Snus"], "title": "General Classic No5 White", "price": 92.9, "product_variant": "24 g", "quantity_info": [[24.0, "g"]], "image_url": "https://kolonial.no/static/products/img/placeholder.bffcea8d3530.png", "unit_price_raw": "kr 3870,83 per kg", "product_url": "https://kolonial.no/produkter/857-general-general-classic-no5-white/", "kolonial_id": "857"},
  {"category": "Sigaretter", "category_list": ["Alle varer", "Snus og tobakk", "Sigaretter"], "title": "Kent Surround", "price": 117.9, "product_variant": "20 stk", "quantity_info": [[20.0, "stk"]], "image_url": "https://kolonial.no/static/products/img/placeholder.bffcea8d3530.png", "unit_price_raw": "kr 5,90 per stk", "product_url": "https://kolonial.no/produkter/4054-kent-kent-surround/", "kolonial_id": "4054"},
  {"category": "Salatp\u00e5legg", "category_list": ["Alle varer", "P\u00e5legg", "Salatp\u00e5legg"], "title": "Reker I Mills Majones", "price": 34.3, "product_variant": "180 g", "quantity_info": [[180.0, "g"]], "image_url": "/media/uploads/public/294/33/966433-3d6cf-product_list.jpg", "unit_price_raw": "kr 190,56 per kg", "product_url": "https://kolonial.no/produkter/5026-delikat-reker-i-mills-majones-200g/", "kolonial_id": "5026"},
  {"category": "Leverpostei", "category_list": ["Alle varer", "P\u00e5legg", "Leverpostei"], "title": "Leverpostei Grovere Fersk", "price": 36.9, "product_variant": "150 g", "quantity_info": [[150.0, "g"]], "image_url": "/media/uploads/public/83/52/1014852-4fcdd-product_list.jpg", "unit_price_raw": "kr 246,00 per kg", "product_url": "https://kolonial.no/produkter/5134-stabburet-leverpostei-grovere-fersk-150g/", "kolonial_id": "5134"},
  {"category": "Leverpostei", "category_list": ["Alle varer", "P\u00e5legg", "Leverpostei"], "title": "Leverpostei", "price": 9.9, "product_variant": "100 g", "quantity_info": [[100.0, "g"]], "image_url": "/media/uploads/public/202/101/972901-8e996-product_list.jpg", "unit_price_raw": "kr 99,00 per kg", "product_url": "https://kolonial.no/produkter/632-stabburet-leverpostei-100g/", "kolonial_id": "632"},
  {"category": "Majones og tubep\u00e5legg", "category_list": ["Alle varer", "P\u00e5legg", "Majones og tubep\u00e5legg"], "title": "Jalape\u00f1o Ost", "price": 35.1, "product_variant": "Tube, 175 g", "quantity_info": [[175.0, "g"]], "image_url": "/media/uploads/public/179/261/966661-3e8e8-product_list.jpg", "unit_price_raw": "kr 200,57 per kg", "product_url": "https://kolonial.no/produkter/1244-kavli-jalapeno-ost-tube-175g/", "kolonial_id": "1244"},
  {"category": "Fiskep\u00e5legg", "category_list": ["Alle varer", "P\u00e5legg", "Fiskep\u00e5legg"], "title": "R\u00f8kt Laks, Skivet", "price": 49.9, "product_variant": "150 g", "quantity_info": [[150.0, "g"]], "image_url": "/media/uploads/public/15/362/967162-f82d3-product_list.jpg", "unit_price_raw": "kr 332,67 per kg", "product_url": "https://kolonial.no/produkter/3340-godehav-rokt-laks-skivet-150g/", "kolonial_id": "3340"},
  {"category": "Kj\u00f8tt- og kyllingp\u00e5legg", "category_list": ["Alle varer", "P\u00e5legg", "Kj\u00f8tt- og kyllingp\u00e5legg"], "title": "Provencefilet", "price": 28.2, "product_variant": "100 g", "quantity_info": [[100.0, "g"]], "image_url": "/media/uploads/public/57/263/971063-1ee4d-product_list.jpg", "unit_price_raw": "kr 282,00 per kg", "product_url": "https://kolonial.no/produkter/17068-rema-1000-provencefilet/", "kolonial_id": "17068"},
  {"category": "Spekemat og salami", "category_list": ["Alle varer", "P\u00e5legg", "Spekemat og salami"], "title": "Jubelsalami", "price": 37.1, "product_variant": "100 g", "quantity_info": [[100.0, "g"]], "image_url": "/media/uploads/public/119/331/972331-303b3-product_list.jpg", "unit_price_raw": "kr 371,00 per kg", "product_url": "https://kolonial.no/produkter/21928-grilstad-jubelsalami/", "kolonial_id": "21928"},
  {"category": "Spekemat og salami", "category_list": ["Alle varer", "P\u00e5legg", "Spekemat og salami"], "title": "Nistesalami", "price": 32.3, "product_variant": "100 g", "quantity_info": [[100.0, "g"]], "image_url": "/media/uploads/public/389/3/972403-d5129-product_list.jpg", "unit_price_raw": "kr 323,00 per kg", "product_url": "https://kolonial.no/produkter/21925-grilstad-nistesalami/", "kolonial_id": "21925"},
  {"category": "Fuglemat", "category_list": ["Alle varer", "Dyremat", "Fuglemat"], "title": "Fuglepean\u00f8tter", "price": 29.9, "product_variant": "0,25 kg", "quantity_info": [[0.25, "kg"]], "image_url": "/media/uploads/public/165/300/971900-e0b58-product_list.jpg", "unit_price_raw": "kr 119,60 per kg", "product_url": "https://kolonial.no/produkter/24493-snadder-fuglepeanotter-250-g-0-25-kg/", "kolonial_id": "24493"},
  {"category": "Kattemat", "category_list": ["Alle varer", "Dyremat", "Kattemat"], "title": "Laks & Gr\u00f8nnsaker", "price": 46.1, "product_variant": "1 kg", "quantity_info": [[1.0, "kg"]], "image_url": "/media/uploads/public/251/83/1010883-7d65d-product_list.jpg", "unit_price_raw": "kr 46,10 per kg", "product_url": "https://kolonial.no/produkter/5605-friskies-laks-gronnsaker-1kg/", "kolonial_id": "5605"},
  {"category": "Fl\u00f8te og r\u00f8mmeprodukter", "category_list": ["Alle varer", "Melk, meieriprodukter og egg", "Fl\u00f8te og r\u00f8mmeprodukter"], "title": "Kaffefl\u00f8te 10%", "price": 23.1, "product_variant": "0,3 l", "quantity_info": [[0.3, "l"]], "image_url": "/media/uploads/public/0/337/19537-50205-product_list.jpg", "unit_price_raw": "kr 77,00 per l", "product_url": "https://kolonial.no/produkter/12097-tine-kaffeflote-10-03l/", "kolonial_id": "12097"},
  {"category": "Fl\u00f8te og r\u00f8mmeprodukter", "category_list": ["Alle varer", "Melk, meieriprodukter og egg", "Fl\u00f8te og r\u00f8mmeprodukter"], "title": "Q-Kremfl\u00f8te", "price": 19.0, "product_variant": "0,3 l", "quantity_info": [[0.3, "l"]], "image_url": "/media/uploads/public/229/28/969228-91a14-product_list.jpg", "unit_price_raw": "kr 63,33 per l", "product_url": "https://kolonial.no/produkter/17737-q-meieriene-q-kremflote/", "kolonial_id": "17737"},
  {"category": "Yoghurt", "category_list": ["Alle varer", "Melk, meieriprodukter og egg", "Yoghurt"], "title": "Gresk Yoghurt Naturell", "price": 57.3, "product_variant": "750 g", "quantity_info": [[750.0, "g"]], "image_url": "/media/uploads/public/355/186/973786-3ae04-product_list.jpg", "unit_price_raw": "kr 76,40 per kg", "product_url": "https://kolonial.no/produkter/17494-synnove-gresk-yoghurt-naturell/", "kolonial_id": "17494"},
  {"category": "Sm\u00f8r og margarin", "category_list": ["Alle varer", "Melk, meieriprodukter og egg", "Sm\u00f8r og margarin"], "title": "Olivero Sm\u00f8r- Og Olivenolje", "price": 33.1, "product_variant": "400 g", "quantity_info": [[400.0, "g"]], "image_url": "/media/uploads/public/108/0/155200-6acd3-product_list.jpg", "unit_price_raw": "kr 82,75 per kg", "product_url": "https://kolonial.no/produkter/25000-olivero-olivero-smor-og-olivenolje/", "kolonial_id": "25000"},
  {"category": "Egg", "category_list": ["Alle varer", "Melk, meieriprodukter og egg", "Egg"], "title": "\u00d8kologiske Egg", "price": 29.0, "product_variant": "Str S/M/L, 6 stk", "quantity_info": [[6.0, "stk"]], "image_url": "/media/uploads/public/217/233/186233-974e6-product_list.jpg", "unit_price_raw": "kr 72,50 per kg", "product_url": "https://kolonial.no/produkter/4966-solvinge-okologiske-egg-str-sml/", "kolonial_id": "4966"},
  {"category": "Energidrikk", "category_list": ["Alle varer", "Drikkevarer", "Energidrikk"], "title": "Nocco P\u00e6re", "price": 27.6, "product_variant": "BCAA, 0,33 l", "quantity_info": [[0.33, "l"]], "image_url": "/media/uploads/public/282/370/973970-dbdab-product_list.jpg", "unit_price_raw": "kr 83,64 per l", "product_url": "https://kolonial.no/produkter/18880-nocco-paere-bcaa/", "kolonial_id": "18880"},
  {"category": "Energidrikk", "category_list": ["Alle varer", "Drikkevarer", "Energidrikk"], "title": "Nocco Fersken", "price": 30.7, "product_variant": "BCAA, 0,33 l", "quantity_info": [[0.33, "l"]], "image_url": "/media/uploads/public/183/50/402850-cfdc3-product_list.jpg", "unit_price_raw": "kr 93,03 per l", "product_url": "https://kolonial.no/produkter/24960-nocco-fersken-bcaa/", "kolonial_id": "24960"},
  {"category": "Kakao og sjokoladepulver", "category_list": ["Alle varer", "Drikkevarer", "Kakao og sjokoladepulver"], "title": "O'boy Original", "price": 13.7, "product_variant": "Boks, 450 g", "quantity_info": [[450.0, "g"]], "image_url": "/media/uploads/public/80/227/964627-96258-product_list.jpg", "unit_price_raw": "kr 30,44 per kg", "product_url": "https://kolonial.no/produkter/463-oboy-original-boks/", "kolonial_id": "463"},
  {"category": "Te", "category_list": ["Alle varer", "Drikkevarer", "Te"], "title": "Lady Grey", "price": 40.6, "product_variant": "25 poser, 1 stk", "quantity_info": [[25.0, "poser"], [1.0, "stk"]], "image_url": "/media/uploads/public/170/282/972282-21e55-product_list.jpg", "unit_price_raw": "kr 40,60 per stk", "product_url": "https://kolonial.no/produkter/465-twinings-lady-grey-25-poser/", "kolonial_id": "465"},
  {"category": "Kaffe", "category_list": ["Alle varer", "Drikkevarer", "Kaffe"], "title": "Frokostkaffe", "price": 59.5, "product_variant": "Filtermalt, 500 g", "quantity_info": [[500.0, "g"]], "image_url": "/media/uploads/public/87/25/967225-c3581-product_list.jpg", "unit_price_raw": "kr 119,00 per kg", "product_url": "https://kolonial.no/produkter/14158-friele-frokostkaffe-filtermalt-500g/", "kolonial_id": "14158"},
  {"category": "Iste", "category_list": ["Alle varer", "Drikkevarer", "Iste"], "title": "Green Ice Tea", "price": 26.9, "product_variant": "0,5 l", "quantity_info": [[0.5, "l"]], "image_url": "/media/uploads/public/26/261/710261-e8931-product_list.jpg", "unit_price_raw": "kr 53,80 per l", "product_url": "https://kolonial.no/produkter/27170-lipton-green-ice-tea/", "kolonial_id": "27170"},
  {"category": "Iste", "category_list": ["Alle varer", "Drikkevarer", "Iste"], "title": "Lipton Peach Ice Tea", "price": 26.9, "product_variant": "0,5 l", "quantity_info": [[0.5, "l"]], "image_url": "/media/uploads/public/179/260/710260-150ed-product_list.jpg", "unit_price_raw": "kr 53,80 per l", "product_url": "https://kolonial.no/produkter/27171-lipton-lipton-peach-ice-tea/", "kolonial_id": "27171"},
  {"category": "Saft", "category_list": ["Alle varer", "Drikkevarer", "Saft"], "title": "Fun Light Appelsin", "price": 36.9, "product_variant": "0,8 l", "quantity_info": [[0.8, "l"]], "image_url": "/media/uploads/public/259/168/186168-38b1b-product_list.jpg", "unit_price_raw": "kr 46,13 per l", "product_url": "https://kolonial.no/produkter/943-fun-light-fun-light-appelsin/", "kolonial_id": "943"},
  {"category": "Smoothie", "category_list": ["Alle varer", "Drikkevarer", "Smoothie"], "title": "Smoothie Fersken & Pasjonsfrukt", "price": 70.9, "product_variant": "6 x 150ml, 900 ml", "quantity_info": [[6.0, "x"], [150.0, "ml"], [900.0, "ml"]], "image_url": "/media/uploads/public/159/252/972252-d9555-product_list.jpg", "unit_price_raw": "kr 78,78 per l", "product_url": "https://kolonial.no/produkter/27251-froosh-smoothie-fersken-pasjonsfrukt-6-x-150ml/", "kolonial_id": "27251"},
  {"category": "Juice", "category_list": ["Alle varer", "Drikkevarer", "Juice"], "title": "Smooth Style Appelsinjuice", "price": 53.6, "product_variant": "1,5 l", "quantity_info": [[1.5, "l"]], "image_url": "/media/uploads/public/286/174/971374-b50d9-product_list.jpg", "unit_price_raw": "kr 35,73 per l", "product_url": "https://kolonial.no/produkter/5149-tropicana-smooth-style-appelsinjuice-175l/", "kolonial_id": "5149"},
  {"category": "Vann og mineralvann", "category_list": ["Alle varer", "Drikkevarer", "Vann og mineralvann"], "title": "Farris BRIS", "price": 24.7, "product_variant": "Mango & Papaya, 1,5 l", "quantity_info": [[1.5, "l"]], "image_url": "/media/uploads/public/207/242/128242-2eb74-product_list.jpg", "unit_price_raw": "kr 16,47 per l", "product_url": "https://kolonial.no/produkter/12658-ringnes-farris-bris-mango-papaya-15l/", "kolonial_id": "12658"},
  {"category": "Vann og mineralvann", "category_list": ["Alle varer", "Drikkevarer", "Vann og mineralvann"], "title": "Farris Bris Sitron & Sitrongress", "price": 25.4, "product_variant": "1,5 l", "quantity_info": [[1.5, "l"]], "image_url": "/media/uploads/public/0/152/6952-b89fa-product_list.jpg", "unit_price_raw": "kr 16,93 per l", "product_url": "https://kolonial.no/produkter/7996-ringnes-farris-bris-sitron-sitrongress-15l/", "kolonial_id": "7996"},
  {"category": "Sm\u00f8reost og prim", "category_list": ["Alle varer", "Oster", "Sm\u00f8reost og prim"], "title": "Philadelphia Laktosefri", "price": 40.0, "product_variant": "175 g", "quantity_info": [[175.0, "g"]], "image_url": "/media/uploads/public/322/294/968294-5f008-product_list.jpg", "unit_price_raw": "kr 228,57 per kg", "product_url": "https://kolonial.no/produkter/14263-philadelphia-philadelphia-laktosefri-175g/", "kolonial_id": "14263"},
  {"category": "Brunost", "category_list": ["Alle varer", "Oster", "Brunost"], "title": "Fl\u00f8temysost", "price": 46.9, "product_variant": "480 g", "quantity_info": [[480.0, "g"]], "image_url": "/media/uploads/public/114/139/969739-9bccb-product_list.jpg", "unit_price_raw": "kr 97,71 per kg", "product_url": "https://kolonial.no/produkter/4459-synnove-flotemysost/", "kolonial_id": "4459"},
  {"category": "Bleier", "category_list": ["Alle varer", "Barneprodukter", "Bleier"], "title": "Libero Touch", "price": 57.3, "product_variant": "Str.4 7-11kg, 24 stk", "quantity_info": [[47.0, ""], [11.0, "kg"], [24.0, "stk"]], "image_url": "/media/uploads/public/318/101/1018901-31150-product_list.jpg", "unit_price_raw": "kr 2,39 per stk", "product_url": "https://kolonial.no/produkter/14206-libero-libero-touch-str4-7-11kg/", "kolonial_id": "14206"},
  {"category": "Bleier", "category_list": ["Alle varer", "Barneprodukter", "Bleier"], "title": "Libero Touch", "price": 58.5, "product_variant": "Str.5 10-14kg, 22 stk, 22 stk", "quantity_info": [[510.0, ""], [14.0, "kg"], [22.0, "stk"], [22.0, "stk"]], "image_url": "/media/uploads/public/358/102/1018902-a45c0-product_list.jpg", "unit_price_raw": "kr 2,66 per stk", "product_url": "https://kolonial.no/produkter/20956-libero-libero-touch-str5-10-14kg-22-stk/", "kolonial_id": "20956"},
  {"category": "Spesialoster", "category_list": ["Alle varer", "Oster", "Spesialoster"], "title": "Mozzarella di Bufala Fersk", "price": 38.7, "product_variant": "125 g", "quantity_info": [[125.0, "g"]], "image_url": "/media/uploads/public/263/206/972606-51924-product_list.jpg", "unit_price_raw": "kr 309,60 per kg", "product_url": "https://kolonial.no/produkter/18679-mozzarella-di-bufala-fersk/", "kolonial_id": "18679"},
  {"category": "Julens p\u00e5legg", "category_list": ["Alle varer", "P\u00e5legg", "Julens p\u00e5legg"], "title": "Fenal\u00e5r", "price": 130.0, "product_variant": "Str\u00f8m-Larsen, 200 g", "quantity_info": [[200.0, "g"]], "image_url": "/media/uploads/public/105/107/137307-26e10-product_list.jpg", "unit_price_raw": "kr 650,00 per kg", "product_url": "https://kolonial.no/produkter/18466-strom-larsen-fenalar-strom-larsen/", "kolonial_id": "18466"},
  {"category": "Gr\u00f8nne planter", "category_list": ["Alle varer", "Blomster og planter", "Gr\u00f8nne planter"], "title": "Ficus Natasja", "price": 60.0, "product_variant": "20-40 cm h\u00f8y. 12 cm potte, 1 stk", "quantity_info": [[20.0, ""], [40.0, "cmh\u00f8y"], [12.0, "cmpotte"], [1.0, "stk"]], "image_url": "/media/uploads/public/234/157/654557-f5288-product_list.jpg", "unit_price_raw": "kr 60,00 per stk", "product_url": "https://kolonial.no/produkter/27124-fresh-flowers-ficus-natasja-40-cm-blomster/", "kolonial_id": "27124"},
  {"category": "Gr\u00f8nne planter", "category_list": ["Alle varer", "Blomster og planter", "Gr\u00f8nne planter"], "title": "Zamioculas", "price": 60.0, "product_variant": "20-40 cm h\u00f8y. 12 cm potte, 1 stk", "quantity_info": [[20.0, ""], [40.0, "cmh\u00f8y"], [12.0, "cmpotte"], [1.0, "stk"]], "image_url": "/media/uploads/public/206/325/659925-b486c-product_list.jpg", "unit_price_raw": "kr 60,00 per stk", "product_url": "https://kolonial.no/produkter/27125-fresh-flowers-zamioculas-40-cm-blomster/", "kolonial_id": "27125"},
  {"category": "Planter med potte", "category_list": ["Alle varer", "Blomster og planter", "Planter med potte"], "title": "Charmadorea og glasspotte", "price": 120.0, "product_variant": "20-40 cm h\u00f8y. 12 cm potte, 1 stk", "quantity_info": [[20.0, ""], [40.0, "cmh\u00f8y"], [12.0, "cmpotte"], [1.0, "stk"]], "image_url": "/media/uploads/public/41/38/998838-18069-product_list.jpg", "unit_price_raw": "kr 120,00 per stk", "product_url": "https://kolonial.no/produkter/27827-charmadorea-i-glasspotte-40cm-1-stk/", "kolonial_id": "27827"},
  {"category": "Brus", "category_list": ["Alle varer", "Drikkevarer", "Brus"], "title": "Pepsi Max", "price": 98.9, "product_variant": "4x1,5l, 6 l", "quantity_info": [[4.0, "x"], [1.5, "l"], [6.0, "l"]], "image_url": "/media/uploads/public/0/352/20752-c5e25-product_list.jpg", "unit_price_raw": "kr 16,48 per l", "product_url": "https://kolonial.no/produkter/12592-pepsico-pepsi-max-4x15l/", "kolonial_id": "12592"},
  {"category": "Snacking", "category_list": ["Alle varer", "Pizza og taco", "Snacking"], "title": "Billys Pan Pizza Original", "price": 21.0, "product_variant": "170 g", "quantity_info": [[170.0, "g"]], "image_url": "/media/uploads/public/324/65/1018865-5c557-product_list.jpg", "unit_price_raw": "kr 123,53 per kg", "product_url": "https://kolonial.no/produkter/4141-billys-billys-pan-pizza-original-170g/", "kolonial_id": "4141"},
  {"category": "Hundemat", "category_list": ["Alle varer", "Dyremat", "Hundemat"], "title": "Hundep\u00f8lse", "price": 22.2, "product_variant": "500 g", "quantity_info": [[500.0, "g"]], "image_url": "/media/uploads/public/90/264/965864-48413-product_list.jpg", "unit_price_raw": "kr 44,40 per kg", "product_url": "https://kolonial.no/produkter/13897-pedigree-hundepolse/", "kolonial_id": "13897"},
  {"category": "Snittblomster", "category_list": ["Alle varer", "Blomster og planter", "Snittblomster"], "title": "Grennellik i forskjellige farger", "price": 50.0, "product_variant": "Ca 30 blomster", "quantity_info": [[30.0, "blomster"]], "image_url": "/media/uploads/public/173/314/659914-d1b61-product_list.jpg", "unit_price_raw": "kr 50,00 per stk", "product_url": "https://kolonial.no/produkter/23833-fresh-flowers-grennellik-i-forskjellige-farger/", "kolonial_id": "23833"},
  {"category": "Snittblomster", "category_list": ["Alle varer", "Blomster og planter", "Snittblomster"], "title": "Liljer Hvit", "price": 80.0, "product_variant": "45 cm, 3 stk", "quantity_info": [[45.0, "cm"], [3.0, "stk"]], "image_url": "/media/uploads/public/66/195/706995-b1773-product_list.jpg", "unit_price_raw": "kr 26,67 per stk", "product_url": "https://kolonial.no/produkter/27478-fresh-flowers-liljer-hvit-1-stk/", "kolonial_id": "27478"},
  {"category": "Taco", "category_list": ["Alle varer", "Pizza og taco", "Taco"], "title": "Tortillas", "price": 23.8, "product_variant": "8 stk Large, 467 g", "quantity_info": [[8.0, "stkLarge"], [467.0, "g"]], "image_url": "/media/uploads/public/241/146/715346-ba6c9-product_list.jpg", "unit_price_raw": "kr 50,96 per kg", "product_url": "https://kolonial.no/produkter/7369-old-el-paso-tortillas-8-stk-large/", "kolonial_id": "7369"},
  {"category": "Buljong og fond", "category_list": ["Alle varer", "Olje og krydder", "Buljong og fond"], "title": "Kalvefond", "price": 46.3, "product_variant": "180 ml", "quantity_info": [[180.0, "ml"]], "image_url": "/media/uploads/public/117/399/664799-f33ba-product_list.jpg", "unit_price_raw": "kr 257,22 per l", "product_url": "https://kolonial.no/produkter/27224-touch-taste-kalvefond/", "kolonial_id": "27224"},
  {"category": "Kryddermiks", "category_list": ["Alle varer", "Olje og krydder", "Kryddermiks"], "title": "Taco Spice Mix", "price": 9.5, "product_variant": "25 g", "quantity_info": [[25.0, "g"]], "image_url": "/media/uploads/public/241/186/967386-631a8-product_list.jpg", "unit_price_raw": "kr 380,00 per kg", "product_url": "https://kolonial.no/produkter/8954-old-el-paso-taco-spice-mix-25g/", "kolonial_id": "8954"},
  {"category": "Ketchup og sennep", "category_list": ["Alle varer", "Olje og krydder", "Ketchup og sennep"], "title": "Tomatketchup \u00d8kologisk", "price": 32.4, "product_variant": "530 g", "quantity_info": [[530.0, "g"]], "image_url": "/media/uploads/public/75/385/970385-c9f22-product_list.jpg", "unit_price_raw": "kr 61,13 per kg", "product_url": "https://kolonial.no/produkter/21220-idun-tomatketchup-okologisk/", "kolonial_id": "21220"},
  {"category": "Ketchup og sennep", "category_list": ["Alle varer", "Olje og krydder", "Ketchup og sennep"], "title": "Ketsjup", "price": 45.2, "product_variant": "300 g", "quantity_info": [[300.0, "g"]], "image_url": "/media/uploads/public/0/64/2464-99d72-product_list.jpg", "unit_price_raw": "kr 150,67 per kg", "product_url": "https://kolonial.no/produkter/2131-superbra-ketsjup-300g/", "kolonial_id": "2131"},
  {"category": "Prevensjon", "category_list": ["Alle varer", "Hygieneartikler", "Prevensjon"], "title": "Kondomer", "price": 63.6, "product_variant": "Profil, 10 stk", "quantity_info": [[10.0, "stk"]], "image_url": "/media/uploads/public/172/357/964357-84043-product_list.jpg", "unit_price_raw": "kr 6,36 per stk", "product_url": "https://kolonial.no/produkter/407-rfsu-kondomer-profil-10-stk/", "kolonial_id": "407"},
  {"category": "Deodorant", "category_list": ["Alle varer", "Hygieneartikler", "Deodorant"], "title": "Stick Oxygen Fresh", "price": 61.1, "product_variant": "40 ml", "quantity_info": [[40.0, "ml"]], "image_url": "/media/uploads/public/286/355/969155-2d5b2-product_list.jpg", "unit_price_raw": "kr 1527,50 per l", "product_url": "https://kolonial.no/produkter/11365-stick-oxygen-fresh-steril/", "kolonial_id": "11365"},
  {"category": "Melk", "category_list": ["Alle varer", "Melk, meieriprodukter og egg", "Melk"], "title": "TineMelk Lett", "price": 19.4, "product_variant": "1 l", "quantity_info": [[1.0, "l"]], "image_url": "/media/uploads/public/194/131/122531-8e163-product_list.jpg", "unit_price_raw": "kr 19,40 per l", "product_url": "https://kolonial.no/produkter/430-tine-tinemelk-lett-1-liter/", "kolonial_id": "430"},
  {"category": "Melk", "category_list": ["Alle varer", "Melk, meieriprodukter og egg", "Melk"], "title": "R\u00f8rosmj\u00f8lk Lett, \u00d8kologisk", "price": 19.2, "product_variant": "1,2% Fett, 1 l", "quantity_info": [[1.2, "Fett"], [1.0, "l"]], "image_url": "/media/uploads/public/385/182/973782-b9daa-product_list.jpg", "unit_price_raw": "kr 19,20 per l", "product_url": "https://kolonial.no/produkter/24247-rorosmeieriet-rorosmjolk-okologisk-12-fett/", "kolonial_id": "24247"},
  {"category": "Barbering", "category_list": ["Alle varer", "Hygieneartikler", "Barbering"], "title": "Barberblader Mach 3", "price": 278.1, "product_variant": "8 stk", "quantity_info": [[8.0, "stk"]], "image_url": "/media/uploads/public/184/254/973454-6eb9d-product_list.jpg", "unit_price_raw": "kr 34,76 per stk", "product_url": "https://kolonial.no/produkter/6403-gillette-barberblader-mach-3-8-stk/", "kolonial_id": "6403"},
  {"category": "Solkrem", "category_list": ["Alle varer", "Shampo, s\u00e5pe og krem", "Solkrem"], "title": "Sun Protect & Moisture", "price": 106.0, "product_variant": "SPF 10, 200 ml", "quantity_info": [[10.2, "ml"]], "image_url": "/media/uploads/public/382/80/158080-422f3-product_list.jpg", "unit_price_raw": "kr 530,00 per l", "product_url": "https://kolonial.no/produkter/25245-nivea-sun-protect-moisture-spf-10/", "kolonial_id": "25245"},
  {"category": "Barnes\u00e5pe og babyolje", "category_list": ["Alle varer", "Shampo, s\u00e5pe og krem", "Barnes\u00e5pe og babyolje"], "title": "Neutral Kids Dusj", "price": 38.9, "product_variant": "Uten Parfyme, 250 ml", "quantity_info": [[250.0, "ml"]], "image_url": "/media/uploads/public/302/97/964497-f59e4-product_list.jpg", "unit_price_raw": "kr 155,60 per l", "product_url": "https://kolonial.no/produkter/7285-neutral-neutral-kids-dusj-uten-parfyme-250ml/", "kolonial_id": "7285"},
  {"category": "Barnes\u00e5pe og babyolje", "category_list": ["Alle varer", "Shampo, s\u00e5pe og krem", "Barnes\u00e5pe og babyolje"], "title": "Toptotoe Wash", "price": 34.1, "product_variant": "400 ml", "quantity_info": [[400.0, "ml"]], "image_url": "/media/uploads/public/78/87/964087-4a101-product_list.jpg", "unit_price_raw": "kr 85,25 per l", "product_url": "https://kolonial.no/produkter/15411-natusan-toptotoe-wash/", "kolonial_id": "15411"},
  {"category": "Bomull og ansiktsrens", "category_list": ["Alle varer", "Hygieneartikler", "Bomull og ansiktsrens"], "title": "Ansiktsservietter", "price": 14.8, "product_variant": "150 stk", "quantity_info": [[150.0, "stk"]], "image_url": "/media/uploads/public/113/62/1018862-56239-product_list.jpg", "unit_price_raw": "kr 0,10 per stk", "product_url": "https://kolonial.no/produkter/16278-soft-style-ansiktsservietter/", "kolonial_id": "16278"},
  {"category": "Krydder", "category_list": ["Alle varer", "Olje og krydder", "Krydder"], "title": "Kanel Malt", "price": 26.8, "product_variant": "67 g", "quantity_info": [[67.0, "g"]], "image_url": "/media/uploads/public/83/266/965466-2b9e9-product_list.jpg", "unit_price_raw": "kr 400,00 per kg", "product_url": "https://kolonial.no/produkter/6376-toro-kanel-malt-67g/", "kolonial_id": "6376"},
  {"category": "Helsekost", "category_list": ["Alle varer", "Legemidler og helsekost", "Helsekost"], "title": "M\u00f6ller's Tran Sitron", "price": 128.9, "product_variant": "500 ml", "quantity_info": [[500.0, "ml"]], "image_url": "/media/uploads/public/184/225/964225-77e3d-product_list.jpg", "unit_price_raw": "kr 257,80 per l", "product_url": "https://kolonial.no/produkter/2389-mollers-mollers-tran-sitron/", "kolonial_id": "2389"},
  {"category": "Proteinbar og m\u00fcslibar", "category_list": ["Alle varer", "Legemidler og helsekost", "Proteinbar og m\u00fcslibar"], "title": "Smooth Caramel", "price": 94.4, "product_variant": "4 stk", "quantity_info": [[4.0, "stk"]], "image_url": "/media/uploads/public/99/204/967404-8d929-product_list.jpg", "unit_price_raw": "kr 23,60 per stk", "product_url": "https://kolonial.no/produkter/9725-nutrilett-smooth-caramel-4pk/", "kolonial_id": "9725"},
  {"category": "Plaster", "category_list": ["Alle varer", "Legemidler og helsekost", "Plaster"], "title": "Plaster Aqua Resist", "price": 21.9, "product_variant": "75 cm", "quantity_info": [[75.0, "cm"]], "image_url": "/media/uploads/public/316/20/964420-f8a20-product_list.jpg", "unit_price_raw": "kr 29,20 per m", "product_url": "https://kolonial.no/produkter/7603-salvequick-plaster-aqua-resist-75cm/", "kolonial_id": "7603"},
  {"category": "Plaster", "category_list": ["Alle varer", "Legemidler og helsekost", "Plaster"], "title": "Aqua Resist Mix Plaster", "price": 21.5, "product_variant": "28 stk", "quantity_info": [[28.0, "stk"]], "image_url": "/media/uploads/public/272/323/971923-648ad-product_list.jpg", "unit_price_raw": "kr 0,77 per stk", "product_url": "https://kolonial.no/produkter/24483-salvequick-aqua-resist-mix-plaster/", "kolonial_id": "24483"},
  {"category": "Roser", "category_list": ["Alle varer", "Blomster og planter", "Roser"], "title": "Roser Hvit", "price": 100.0, "product_variant": "50 cm, 10 stk", "quantity_info": [[50.0, "cm"], [10.0, "stk"]], "image_url": "/media/uploads/public/172/73/668473-842ae-product_list.jpg", "unit_price_raw": "kr 10,00 per stk", "product_url": "https://kolonial.no/produkter/27136-fresh-flowers-roser-hvit-50-cm/", "kolonial_id": "27136"},
  {"category": "Roser", "category_list": ["Alle varer", "Blomster og planter", "Roser"], "title": "Roser R\u00f8d", "price": 100.0, "product_variant": "50 cm, 10 stk", "quantity_info": [[50.0, "cm"], [10.0, "stk"]], "image_url": "/media/uploads/public/91/74/668474-287e0-product_list.jpg", "unit_price_raw": "kr 10,00 per stk", "product_url": "https://kolonial.no/produkter/27118-fresh-flowers-roser-rod-50-cm/", "kolonial_id": "27118"},
  {"category": "Bind og tamponger", "category_list": ["Alle varer", "Hygieneartikler", "Bind og tamponger"], "title": "Truseinnlegg Normal", "price": 48.2, "product_variant": "60 stk", "quantity_info": [[60.0, "stk"]], "image_url": "/media/uploads/public/154/280/971080-8162d-product_list.jpg", "unit_price_raw": "kr 0,80 per stk", "product_url": "https://kolonial.no/produkter/23746-always-truseinnlegg-normal/", "kolonial_id": "23746"},
  {"category": "Bind og tamponger", "category_list": ["Alle varer", "Hygieneartikler", "Bind og tamponger"], "title": "Truseinnlegg So Slim", "price": 35.1, "product_variant": "30 stk", "quantity_info": [[30.0, "stk"]], "image_url": "/media/uploads/public/94/111/969711-ad034-product_list.jpg", "unit_price_raw": "kr 1,17 per stk", "product_url": "https://kolonial.no/produkter/7027-libresse-truseinnlegg-so-slim/", "kolonial_id": "7027"},
  {"category": "Nikotinprodukter", "category_list": ["Alle varer", "Legemidler og helsekost", "Nikotinprodukter"], "title": "Nicorette Icemint", "price": 237.8, "product_variant": "2mg, 105 stk", "quantity_info": [[2.0, "mg"], [105.0, "stk"]], "image_url": "/media/uploads/public/92/174/966974-80468-product_list.jpg", "unit_price_raw": "kr 2,26 per stk", "product_url": "https://kolonial.no/produkter/15528-nicorette-nicorette-icemint-2mg/", "kolonial_id": "15528"},
  {"category": "Kluter, svamper og hansker", "category_list": ["Alle varer", "T\u00f8rkepapir og vaskemidler", "Kluter, svamper og hansker"], "title": "Husholdningsklut", "price": 23.2, "product_variant": "5 stk", "quantity_info": [[5.0, "stk"]], "image_url": "/media/uploads/public/231/95/968495-3fe59-product_list.jpg", "unit_price_raw": "kr 4,64 per stk", "product_url": "https://kolonial.no/produkter/15903-chifonet-husholdningsklut/", "kolonial_id": "15903"},
  {"category": "Kluter, svamper og hansker", "category_list": ["Alle varer", "T\u00f8rkepapir og vaskemidler", "Kluter, svamper og hansker"], "title": "Svamper", "price": 21.5, "product_variant": "2 stk", "quantity_info": [[2.0, "stk"]], "image_url": "/media/uploads/public/377/348/970748-9bcb2-product_list.jpg", "unit_price_raw": "kr 10,75 per stk", "product_url": "https://kolonial.no/produkter/16248-soft-style-svamper/", "kolonial_id": "16248"},
  {"category": "Shampo og h\u00e5rprodukter", "category_list": ["Alle varer", "Shampo, s\u00e5pe og krem", "Shampo og h\u00e5rprodukter"], "title": "Balsam", "price": 61.5, "product_variant": "Argan Oil, 200 ml", "quantity_info": [[200.0, "ml"]], "image_url": "/media/uploads/public/238/361/996361-e7884-product_list.jpg", "unit_price_raw": "kr 307,50 per l", "product_url": "https://kolonial.no/produkter/7078-define-balsam-argan-oil/", "kolonial_id": "7078"},
  {"category": "Krem", "category_list": ["Alle varer", "Shampo, s\u00e5pe og krem", "Krem"], "title": "Aloe Vera Body Lotion", "price": 44.0, "product_variant": "200 ml", "quantity_info": [[200.0, "ml"]], "image_url": "/media/uploads/public/224/297/970297-49533-product_list.jpg", "unit_price_raw": "kr 220,00 per l", "product_url": "https://kolonial.no/produkter/21172-dr-greve-aloe-vera-body-lotion/", "kolonial_id": "21172"},
  {"category": "Gulost", "category_list": ["Alle varer", "Oster", "Gulost"], "title": "Jarlsberg 27%", "price": 39.9, "product_variant": "Skiver, 250 g", "quantity_info": [[250.0, "g"]], "image_url": "/media/uploads/public/148/144/966544-7bee1-product_list.jpg", "unit_price_raw": "kr 159,60 per kg", "product_url": "https://kolonial.no/produkter/990-tine-jarlsberg-27-skiver/", "kolonial_id": "990"},
  {"category": "Oppvask", "category_list": ["Alle varer", "T\u00f8rkepapir og vaskemidler", "Oppvask"], "title": "Alt i 1 Power Clean", "price": 46.9, "product_variant": "18 tablett", "quantity_info": [[18.0, "tablett"]], "image_url": "/media/uploads/public/351/344/971944-8ebc3-product_list.jpg", "unit_price_raw": "kr 2,61 per tablett", "product_url": "https://kolonial.no/produkter/21337-sun-alt-i-1-power-clean/", "kolonial_id": "21337"},
  {"category": "Fiskekaker", "category_list": ["Alle varer", "Fisk og sj\u00f8mat", "Fiskekaker"], "title": "Fiskekaker Nordnorske", "price": 49.0, "product_variant": "70% Fisk, 460 g", "quantity_info": [[70.0, "Fisk"], [460.0, "g"]], "image_url": "/media/uploads/public/3/259/789859-cee18-product_list.jpg", "unit_price_raw": "kr 106,52 per kg", "product_url": "https://kolonial.no/produkter/4888-fiskeriet-fiskekaker-nordnorske/", "kolonial_id": "4888"},
  {"category": "Fiskekaker", "category_list": ["Alle varer", "Fisk og sj\u00f8mat", "Fiskekaker"], "title": "Fiskeburger Steinbit", "price": 53.6, "product_variant": "61% Fisk, 480 g", "quantity_info": [[61.0, "Fisk"], [480.0, "g"]], "image_url": "/media/uploads/public/79/118/296118-c2fe3-product_list.jpg", "unit_price_raw": "kr 111,67 per kg", "product_url": "https://kolonial.no/produkter/4885-fiskeriet-fiskeburger-steinbit-61-fisk/", "kolonial_id": "4885"},
  {"category": "Fryst pizza", "category_list": ["Alle varer", "Pizza og taco", "Fryst pizza"], "title": "Big One", "price": 57.8, "product_variant": "American classic, 560 g", "quantity_info": [[560.0, "g"]], "image_url": "/media/uploads/public/182/284/972684-b5550-product_list.jpg", "unit_price_raw": "kr 103,21 per kg", "product_url": "https://kolonial.no/produkter/213-big-one-big-one-american-classic/", "kolonial_id": "213"},
  {"category": "Tannpleie", "category_list": ["Alle varer", "Hygieneartikler", "Tannpleie"], "title": "Barnetannkrem", "price": 21.6, "product_variant": "Assortert Design, 0-6\u00e5r, 50 ml", "quantity_info": [[0.0, ""], [6.0, "\u00e5r"], [50.0, "ml"]], "image_url": "/media/uploads/public/80/28/964828-880b0-product_list.jpg", "unit_price_raw": "kr 432,00 per l", "product_url": "https://kolonial.no/produkter/394-solidox-barnetannkrem-assortert-design-0-6ar/", "kolonial_id": "394"},
  {"category": "Vaskemidler", "category_list": ["Alle varer", "T\u00f8rkepapir og vaskemidler", "Vaskemidler"], "title": "Jif Baderom", "price": 31.1, "product_variant": "Refill, 500 ml", "quantity_info": [[500.0, "ml"]], "image_url": "/media/uploads/public/23/283/816683-21344-product_list.jpg", "unit_price_raw": "kr 62,20 per l", "product_url": "https://kolonial.no/produkter/1275-jif-jif-baderom-refill/", "kolonial_id": "1275"},
  {"category": "Skalldyr", "category_list": ["Alle varer", "Fisk og sj\u00f8mat", "Skalldyr"], "title": "Kamskjell", "price": 153.6, "product_variant": "Fiskeriet, 400 g", "quantity_info": [[400.0, "g"]], "image_url": "/media/uploads/public/290/52/1012852-b658e-product_list_large.jpg", "unit_price_raw": "kr 384,00 per kg", "product_url": "https://kolonial.no/produkter/4423-godehav-kamskjell/", "kolonial_id": "4423"},
  {"category": "Skalldyr", "category_list": ["Alle varer", "Fisk og sj\u00f8mat", "Skalldyr"], "title": "H\u00e5ndpillede Reker i Lake", "price": 103.9, "product_variant": "Troll Salmon, \n                            \n\n                            240 g", "quantity_info": [[240.0, "g"]], "image_url": "/media/uploads/public/155/155/142155-109a8-product_list_large.jpg", "unit_price_raw": "kr 432,92 per kg", "product_url": "https://kolonial.no/produkter/24255-troll-salmon-handpillede-reker-i-lake/", "kolonial_id": "24255"},
  {"category": "Frossen fisk og sj\u00f8mat", "category_list": ["Alle varer", "Fisk og sj\u00f8mat", "Frossen fisk og sj\u00f8mat"], "title": "Fish & Crisp", "price": 73.8, "product_variant": "480 g", "quantity_info": [[480.0, "g"]], "image_url": "/media/uploads/public/346/195/971395-2f403-product_list.jpg", "unit_price_raw": "kr 153,75 per kg", "product_url": "https://kolonial.no/produkter/4342-findus-fish-crisp-500g/", "kolonial_id": "4342"},
  {"category": "Revet ost", "category_list": ["Alle varer", "Oster", "Revet ost"], "title": "Grovrevet Gulost", "price": 39.9, "product_variant": "220 g", "quantity_info": [[220.0, "g"]], "image_url": "/media/uploads/public/29/291/188291-20ce5-product_list.jpg", "unit_price_raw": "kr 181,36 per kg", "product_url": "https://kolonial.no/produkter/25303-synnove-grovrevet-gulost/", "kolonial_id": "25303"},
  {"category": "Baketilbeh\u00f8r", "category_list": ["Alle varer", "Mel og bakeingredienser", "Baketilbeh\u00f8r"], "title": "Kokesjokolade Selskap", "price": 23.3, "product_variant": "100 g", "quantity_info": [[100.0, "g"]], "image_url": "/media/uploads/public/285/172/964572-3b3d4-product_list.jpg", "unit_price_raw": "kr 233,00 per kg", "product_url": "https://kolonial.no/produkter/7330-freia-kokesjokolade-selskap-100g/", "kolonial_id": "7330"},
  {"category": "Ferske br\u00f8d", "category_list": ["Alle varer", "Br\u00f8d og frokostblandinger", "Ferske br\u00f8d"], "title": "Solsikkebr\u00f8d", "price": 45.9, "product_variant": "Oppsk\u00e5ret, 770 g", "quantity_info": [[770.0, "g"]], "image_url": "/media/uploads/public/143/384/659184-4c31d-product_list.jpg", "unit_price_raw": "kr 59,61 per kg", "product_url": "https://kolonial.no/produkter/27144-brodverket-solsikkebrod-skaret-ferskt-okologisk/", "kolonial_id": "27144"},
  {"category": "Hermetisert sj\u00f8mat", "category_list": ["Alle varer", "Fisk og sj\u00f8mat", "Hermetisert sj\u00f8mat"], "title": "Krepsehaler", "price": 67.0, "product_variant": "200 g", "quantity_info": [[200.0, "g"]], "image_url": "/media/uploads/public/6/317/966717-c03d9-product_list.jpg", "unit_price_raw": "kr 335,00 per kg", "product_url": "https://kolonial.no/produkter/8861-godehav-krepsehaler-200g/", "kolonial_id": "8861"},
  {"category": "Klesvask", "category_list": ["Alle varer", "T\u00f8rkepapir og vaskemidler", "Klesvask"], "title": "Neutral Hvitvask", "price": 56.3, "product_variant": "975 g", "quantity_info": [[975.0, "g"]], "image_url": "/media/uploads/public/135/137/967337-b7349-product_list.jpg", "unit_price_raw": "kr 2,17 per vask", "product_url": "https://kolonial.no/produkter/1654-neutral-neutral-hvitvask-975g/", "kolonial_id": "1654"},
  {"category": "Klesvask", "category_list": ["Alle varer", "T\u00f8rkepapir og vaskemidler", "Klesvask"], "title": "Klar T\u00f8yvaskpulver", "price": 49.9, "product_variant": "1,04 kg", "quantity_info": [[1.04, "kg"]], "image_url": "/media/uploads/public/283/90/985290-5bf5a-product_list.jpg", "unit_price_raw": "kr 47,98 per kg", "product_url": "https://kolonial.no/produkter/27978-klar-klar-toyvaskpulver/", "kolonial_id": "27978"},
  {"category": "R\u00f8kt og gravet fisk", "category_list": ["Alle varer", "Fisk og sj\u00f8mat", "R\u00f8kt og gravet fisk"], "title": "Sweet-Chili Laks i Bit", "price": 101.9, "product_variant": "ca. 280 g", "quantity_info": [[280.0, "g"]], "image_url": "/media/uploads/public/159/156/142156-f374a-product_list.jpg", "unit_price_raw": "kr 363,93 per kg", "product_url": "https://kolonial.no/produkter/24253-sweet-chili-laks-i-bit-1-stk/", "kolonial_id": "24253"},
  {"category": "Fersk fisk", "category_list": ["Alle varer", "Fisk og sj\u00f8mat", "Fersk fisk"], "title": "Laksefilet med Skinn", "price": 49.9, "product_variant": "Domstein, \n                            \n\n                            Fersk, ca. 200 g", "quantity_info": [[200.0, "g"]], "image_url": "/media/uploads/public/155/342/152742-1e5d1-product_list_large.jpg", "unit_price_raw": "kr 249,50 per kg", "product_url": "https://kolonial.no/produkter/24887-domstein-laksefilet-med-skinn-fersk/", "kolonial_id": "24887"},
  {"category": "Oljer og dressinger", "category_list": ["Alle varer", "Olje og krydder", "Oljer og dressinger"], "title": "Kalamata Olivenolje Extra Virgin", "price": 127.3, "product_variant": "500 ml", "quantity_info": [[500.0, "ml"]], "image_url": "/media/uploads/public/0/104/13304-63d5c-product_list.jpg", "unit_price_raw": "kr 254,60 per l", "product_url": "https://kolonial.no/produkter/9893-iliada-kalamata-olivenolje-extra-virgin-500ml/", "kolonial_id": "9893"},
  {"category": "Ferdigmikser", "category_list": ["Alle varer", "Mel og bakeingredienser", "Ferdigmikser"], "title": "Muffins Mix", "price": 38.1, "product_variant": "Lyse muffins, 331 g", "quantity_info": [[331.0, "g"]], "image_url": "/media/uploads/public/43/89/1010889-c463f-product_list.jpg", "unit_price_raw": "kr 115,11 per kg", "product_url": "https://kolonial.no/produkter/973-toro-muffins-mix-lyse-muffins-360g/", "kolonial_id": "973"},
  {"category": "Tyggis og pastiller", "category_list": ["Alle varer", "Snacks og godteri", "Tyggis og pastiller"], "title": "Tyggis Frisk Pust Peppermint", "price": 45.9, "product_variant": "Boks, 85 g", "quantity_info": [[85.0, "g"]], "image_url": "/media/uploads/public/319/390/973190-fcf42-product_list.jpg", "unit_price_raw": "kr 540,00 per kg", "product_url": "https://kolonial.no/produkter/27262-solidox-tyggis-frisk-pust-peppermint-boks/", "kolonial_id": "27262"},
  {"category": "Tyggis og pastiller", "category_list": ["Alle varer", "Snacks og godteri", "Tyggis og pastiller"], "title": "Extra Sweet Mint", "price": 42.8, "product_variant": "5pk, 5 stk", "quantity_info": [[5.0, "pk"], [5.0, "stk"]], "image_url": "/media/uploads/public/309/150/965750-10fc2-product_list.jpg", "unit_price_raw": "kr 8,56 per stk", "product_url": "https://kolonial.no/produkter/14587-extra-extra-sweet-mint-5pk/", "kolonial_id": "14587"},
  {"category": "Storfe", "category_list": ["Alle varer", "Kj\u00f8tt og kylling", "Storfe"], "title": "Hellstr\u00f8ms C\u00f4te De Boeuf av Angus", "price": 500.0, "product_variant": "Fra Str\u00f8m-Larsen, 800 g", "quantity_info": [[800.0, "g"]], "image_url": "/media/uploads/public/71/89/454489-40ab5-product_list.jpg", "unit_price_raw": "kr 625,00 per kg", "product_url": "https://kolonial.no/produkter/26078-strom-larsen-hellstroms-cote-de-boef-av-angus-fra-/", "kolonial_id": "26078"},
  {"category": "Potter og Vaser", "category_list": ["Alle varer", "Blomster og planter", "Potter og Vaser"], "title": "Vase Konisk 26cm", "price": 125.0, "product_variant": "1 stk", "quantity_info": [[1.0, "stk"]], "image_url": "/media/uploads/public/360/232/1003432-a9bd0-product_list.jpg", "unit_price_raw": "kr 125,00 per stk", "product_url": "https://kolonial.no/produkter/28007-freshflowers-vase-konisk-26cm/", "kolonial_id": "28007"},
  {"category": "P\u00f8lsebr\u00f8d, hamburgerbr\u00f8d og boller", "category_list": ["Alle varer", "Br\u00f8d og frokostblandinger", "P\u00f8lsebr\u00f8d, hamburgerbr\u00f8d og boller"], "title": "Grove P\u00f8lsebr\u00f8d", "price": 20.5, "product_variant": "10stk, 330 g", "quantity_info": [[10.0, "stk"], [330.0, "g"]], "image_url": "/media/uploads/public/172/81/973681-5e9b8-product_list.jpg", "unit_price_raw": "kr 62,12 per kg", "product_url": "https://kolonial.no/produkter/4204-hatting-fiberrikt-polsebrod-10stk/", "kolonial_id": "4204"},
  {"category": "Frokostblandinger og gryn", "category_list": ["Alle varer", "Br\u00f8d og frokostblandinger", "Frokostblandinger og gryn"], "title": "Crunchy M\u00fcsli", "price": 20.8, "product_variant": "750 g", "quantity_info": [[750.0, "g"]], "image_url": "/media/uploads/public/64/189/972589-99fbe-product_list.jpg", "unit_price_raw": "kr 27,73 per kg", "product_url": "https://kolonial.no/produkter/8536-rema-1000-crunchy-musli-750g/", "kolonial_id": "8536"},
  {"category": "Frokostblandinger og gryn", "category_list": ["Alle varer", "Br\u00f8d og frokostblandinger", "Frokostblandinger og gryn"], "title": "Honni Puffs", "price": 25.7, "product_variant": "500 g", "quantity_info": [[500.0, "g"]], "image_url": "/media/uploads/public/359/329/969529-8b5ed-product_list.jpg", "unit_price_raw": "kr 51,40 per kg", "product_url": "https://kolonial.no/produkter/8706-rema-1000-honni-puffs-500g/", "kolonial_id": "8706"},
  {"category": "Bursdag", "category_list": ["Alle varer", "Barneprodukter", "Bursdag"], "title": "Bordbrikker Pirat", "price": 73.0, "product_variant": "8 stk", "quantity_info": [[8.0, "stk"]], "image_url": "/media/uploads/public/128/11/130411-e6886-product_list.jpg", "unit_price_raw": "kr 9,13 per stk", "product_url": "https://kolonial.no/produkter/23557-festligeting-bordbrikker-pirat/", "kolonial_id": "23557"},
  {"category": "Frosne br\u00f8d og rundstykker", "category_list": ["Alle varer", "Br\u00f8d og frokostblandinger", "Frosne br\u00f8d og rundstykker"], "title": "Solsikkestykker", "price": 42.2, "product_variant": "480 g", "quantity_info": [[480.0, "g"]], "image_url": "/media/uploads/public/209/331/524731-408fa-product_list.jpg", "unit_price_raw": "kr 87,92 per kg", "product_url": "https://kolonial.no/produkter/26367-hatting-solsikkestykker/", "kolonial_id": "26367"},
  {"category": "Smokker og t\u00e5teflasker", "category_list": ["Alle varer", "Barneprodukter", "Smokker og t\u00e5teflasker"], "title": "T\u00e5teflaske", "price": 62.5, "product_variant": "Assorterte farger, 270 ml", "quantity_info": [[270.0, "ml"]], "image_url": "/media/uploads/public/7/72/966072-59a23-product_list.jpg", "unit_price_raw": "kr 231,48 per l", "product_url": "https://kolonial.no/produkter/5395-mam-tateflaske-assorterte-farger/", "kolonial_id": "5395"},
  {"category": "Knekkebr\u00f8d", "category_list": ["Alle varer", "Br\u00f8d og frokostblandinger", "Knekkebr\u00f8d"], "title": "Knekkebr\u00f8d Runda Kanel", "price": 41.3, "product_variant": "330 g", "quantity_info": [[330.0, "g"]], "image_url": "/media/uploads/public/88/8/1000808-bbbde-product_list.jpg", "unit_price_raw": "kr 125,15 per kg", "product_url": "https://kolonial.no/produkter/2041-wasa-knekkebrod-runda-kanel-330g/", "kolonial_id": "2041"},
  {"category": "Langtidsholdbare br\u00f8d", "category_list": ["Alle varer", "Br\u00f8d og frokostblandinger", "Langtidsholdbare br\u00f8d"], "title": "Polarbr\u00f8d Flerkorn", "price": 36.9, "product_variant": "420 g", "quantity_info": [[420.0, "g"]], "image_url": "/media/uploads/public/358/209/973409-2537d-product_list.jpg", "unit_price_raw": "kr 87,86 per kg", "product_url": "https://kolonial.no/produkter/27366-polarbrod-polarbrod-flerkorn/", "kolonial_id": "27366"},
  {"category": "V\u00e5tservietter og s\u00e5pe", "category_list": ["Alle varer", "Barneprodukter", "V\u00e5tservietter og s\u00e5pe"], "title": "Libero Vaskeklut", "price": 43.4, "product_variant": "100 stk", "quantity_info": [[100.0, "stk"]], "image_url": "/media/uploads/public/32/41/972441-43f37-product_list.jpg", "unit_price_raw": "kr 0,43 per stk", "product_url": "https://kolonial.no/produkter/1459-libero-libero-vaskeklut-130-stk/", "kolonial_id": "1459"},
  {"category": "Pasta og nudler", "category_list": ["Alle varer", "Middager og tilbeh\u00f8r", "Pasta og nudler"], "title": "Tagliatelle Glutenfri", "price": 51.4, "product_variant": "250 g", "quantity_info": [[250.0, "g"]], "image_url": "/media/uploads/public/374/56/970456-18c20-product_list.jpg", "unit_price_raw": "kr 205,60 per kg", "product_url": "https://kolonial.no/produkter/21439-rema-1000-tagliatalle-glutenfri/", "kolonial_id": "21439"},
  {"category": "Batterier", "category_list": ["Alle varer", "Husholdning og tekstil", "Batterier"], "title": "Batteri C Plus Power", "price": 42.1, "product_variant": "2 stk", "quantity_info": [[2.0, "stk"]], "image_url": "/media/uploads/public/126/372/156372-ac957-product_list.jpg", "unit_price_raw": "kr 21,05 per stk", "product_url": "https://kolonial.no/produkter/25102-duracell-batteri-c-plus-power/", "kolonial_id": "25102"},
  {"category": "Hamburgere", "category_list": ["Alle varer", "Kj\u00f8tt og kylling", "Hamburgere"], "title": "Charlie's L\u00f8vbiff", "price": 69.5, "product_variant": "240 g", "quantity_info": [[240.0, "g"]], "image_url": "/media/uploads/public/328/353/967153-b206c-product_list.jpg", "unit_price_raw": "kr 289,58 per kg", "product_url": "https://kolonial.no/produkter/3280-grilstad-charlies-lovbiff-240g/", "kolonial_id": "3280"},
  {"category": "Hamburgere", "category_list": ["Alle varer", "Kj\u00f8tt og kylling", "Hamburgere"], "title": "L\u00f8vbit", "price": 36.4, "product_variant": "2x100 g, 200 g", "quantity_info": [[2.0, "x"], [100.0, "g"], [200.0, "g"]], "image_url": "/media/uploads/public/280/399/971999-e40ea-product_list.jpg", "unit_price_raw": "kr 182,00 per kg", "product_url": "https://kolonial.no/produkter/16014-lovbit-2x100-g/", "kolonial_id": "16014"},
  {"category": "Hermetisert frukt og gr\u00f8nt", "category_list": ["Alle varer", "Frukt og gr\u00f8nt", "Hermetisert frukt og gr\u00f8nt"], "title": "Tomat Passata", "price": 38.6, "product_variant": "\u00d8kologisk, 680 g", "quantity_info": [[680.0, "g"]], "image_url": "/media/uploads/public/0/36/83236-35562-product_list.jpg", "unit_price_raw": "kr 56,76 per kg", "product_url": "https://kolonial.no/produkter/20299-helios-tomat-passata-okologisk/", "kolonial_id": "20299"},
  {"category": "Diverse husholdning", "category_list": ["Alle varer", "Husholdning og tekstil", "Diverse husholdning"], "title": "Bj\u00f8rkepinner til Pinnekj\u00f8tt", "price": 30.9, "product_variant": "20 stk", "quantity_info": [[20.0, "stk"]], "image_url": "/media/uploads/public/65/328/964328-49eef-product_list.jpg", "unit_price_raw": "kr 1,55 per stk", "product_url": "https://kolonial.no/produkter/8843-bjorkepinner-til-pinnekjott/", "kolonial_id": "8843"},
  {"category": "Undert\u00f8y", "category_list": ["Alle varer", "Husholdning og tekstil", "Undert\u00f8y"], "title": "Cotton Boxer Black", "price": 87.6, "product_variant": "Large, 1 stk", "quantity_info": [[1.0, "stk"]], "image_url": "/media/uploads/public/0/145/15745-8f647-product_list.jpg", "unit_price_raw": "kr 87,60 per stk", "product_url": "https://kolonial.no/produkter/11107-pierre-robert-cotton-boxer-black-large/", "kolonial_id": "11107"},
  {"category": "Kj\u00f8ttdeig og karbonadedeig", "category_list": ["Alle varer", "Kj\u00f8tt og kylling", "Kj\u00f8ttdeig og karbonadedeig"], "title": "Kvernet Deig Av Svin 9%", "price": 33.3, "product_variant": "400 g", "quantity_info": [[400.0, "g"]], "image_url": "/media/uploads/public/0/22/8422-d8b28-product_list.jpg", "unit_price_raw": "kr 83,25 per kg", "product_url": "https://kolonial.no/produkter/3859-nordfjord-kvernet-deig-av-svin-9-400g/", "kolonial_id": "3859"},
  {"category": "Urter og spirer", "category_list": ["Alle varer", "Frukt og gr\u00f8nt", "Urter og spirer"], "title": "Taco spiremix -Brokolli, Kl\u00f8ver, Mungb\u00f8nner", "price": 25.9, "product_variant": "Norge, 50 g", "quantity_info": [[50.0, "g"]], "image_url": "/media/uploads/public/250/342/619142-114d8-product_list.jpg", "unit_price_raw": "kr 518,00 per kg", "product_url": "https://kolonial.no/produkter/26626-taco-spiremix-brokolli-klover-mungbonner-norge/", "kolonial_id": "26626"},
  {"category": "Svin", "category_list": ["Alle varer", "Kj\u00f8tt og kylling", "Svin"], "title": "Ytrefilet av Svin", "price": 110.0, "product_variant": "ca. 730 g", "quantity_info": [[730.0, "g"]], "image_url": "/media/uploads/public/0/38/8438-69a9a-product_list.jpg", "unit_price_raw": "kr 150,68 per kg", "product_url": "https://kolonial.no/produkter/3946-nordfjord-ytrefilet-av-svin/", "kolonial_id": "3946"},
  {"category": "Svin", "category_list": ["Alle varer", "Kj\u00f8tt og kylling", "Svin"], "title": "Svinekoteletter", "price": 55.5, "product_variant": "4 stk, ca. 920 g", "quantity_info": [[4.0, "stkca"], [920.0, "g"]], "image_url": "/media/uploads/public/0/394/8394-d9ee0-product_list.jpg", "unit_price_raw": "kr 60,33 per kg", "product_url": "https://kolonial.no/produkter/3880-best-pris-svinekoteletter-4-stk/", "kolonial_id": "3880"},
  {"category": "Ferdige middagsretter", "category_list": ["Alle varer", "Middager og tilbeh\u00f8r", "Ferdige middagsretter"], "title": "Mac & Cheese", "price": 109.0, "product_variant": "Fiks ferdig, 2 Porsjoner, 800 g", "quantity_info": [[2.0, "Porsjoner"], [800.0, "g"]], "image_url": "/media/uploads/public/127/274/991474-7e115-product_list.jpg", "unit_price_raw": "kr 136,25 per kg", "product_url": "https://kolonial.no/produkter/28006-gastro-kitchen-mac-cheese-fersk-ferdig-middag-til-/", "kolonial_id": "28006"},
  {"category": "Ferdigsauser", "category_list": ["Alle varer", "Middager og tilbeh\u00f8r", "Ferdigsauser"], "title": "Tomatsaus", "price": 62.8, "product_variant": "med chili, hvitl\u00f8k og persille, 390 g", "quantity_info": [[390.0, "g"]], "image_url": "/media/uploads/public/0/49/2449-992f6-product_list.jpg", "unit_price_raw": "kr 161,03 per kg", "product_url": "https://kolonial.no/produkter/2146-superbra-tomatsaus-med-chili-hvitlok-og-persille/", "kolonial_id": "2146"},
  {"category": "P\u00f8lser", "category_list": ["Alle varer", "Kj\u00f8tt og kylling", "P\u00f8lser"], "title": "Hellstr\u00f8ms Angus P\u00f8lser", "price": 80.9, "product_variant": "4 stk", "quantity_info": [[4.0, "stk"]], "image_url": "/media/uploads/public/306/258/374658-7637e-product_list.jpg", "unit_price_raw": "kr 218,65 per kg", "product_url": "https://kolonial.no/produkter/26085-strom-larsen-hellstroms-angus-polser-4-stk/", "kolonial_id": "26085"},
  {"category": "P\u00f8lser", "category_list": ["Alle varer", "Kj\u00f8tt og kylling", "P\u00f8lser"], "title": "P\u00f8lser Rostbrattw\u00fcrst", "price": 80.6, "product_variant": "3stk, Str\u00f8m-Larsen, 350 g", "quantity_info": [[3.0, "stkStr\u00f8mLarsen"], [350.0, "g"]], "image_url": "/media/uploads/public/0/218/40218-18f91-product_list.jpg", "unit_price_raw": "kr 230,29 per kg", "product_url": "https://kolonial.no/produkter/15220-strom-larsen-polser-rostbrattwurst-3stk-strom-lars/", "kolonial_id": "15220"},
  {"category": "Kontor", "category_list": ["Alle varer", "Husholdning og tekstil", "Kontor"], "title": "Viskel\u00e6r", "price": 17.0, "product_variant": "2 stk", "quantity_info": [[2.0, "stk"]], "image_url": "/media/uploads/public/0/244/45844-62d1b-product_list.jpg", "unit_price_raw": "kr 8,50 per stk", "product_url": "https://kolonial.no/produkter/14710-viskelaer/", "kolonial_id": "14710"},
  {"category": "Fr\u00f8, n\u00f8tter og t\u00f8rket frukt", "category_list": ["Alle varer", "Frukt og gr\u00f8nt", "Fr\u00f8, n\u00f8tter og t\u00f8rket frukt"], "title": "Pistasj", "price": 48.9, "product_variant": "60 g", "quantity_info": [[60.0, "g"]], "image_url": "/media/uploads/public/139/375/968775-d8678-product_list.jpg", "unit_price_raw": "kr 815,00 per kg", "product_url": "https://kolonial.no/produkter/16573-den-lille-nottefabrikken-pistasj/", "kolonial_id": "16573"},
  {"category": "Kj\u00f8ttboller og karbonader", "category_list": ["Alle varer", "Kj\u00f8tt og kylling", "Kj\u00f8ttboller og karbonader"], "title": "Karbonader", "price": 100.0, "product_variant": "1 kg", "quantity_info": [[1.0, "kg"]], "image_url": "/media/uploads/public/254/250/969450-313ae-product_list.jpg", "unit_price_raw": "kr 100,00 per kg", "product_url": "https://kolonial.no/produkter/18250-nordfjord-karbonader/", "kolonial_id": "18250"},
  {"category": "Kj\u00f8kkenredskap", "category_list": ["Alle varer", "Husholdning og tekstil", "Kj\u00f8kkenredskap"], "title": "Pizzahjul", "price": 37.4, "product_variant": "1 stk", "quantity_info": [[1.0, "stk"]], "image_url": "/media/uploads/public/160/379/973179-9d4d8-product_list.jpg", "unit_price_raw": "kr 37,40 per stk", "product_url": "https://kolonial.no/produkter/14944-pizzahjul/", "kolonial_id": "14944"},
  {"category": "Engangs og Servietter", "category_list": ["Alle varer", "Husholdning og tekstil", "Engangs og Servietter"], "title": "Plastskjeer Transparent", "price": 18.2, "product_variant": "20pk, 20 stk", "quantity_info": [[20.0, "pk"], [20.0, "stk"]], "image_url": "/media/uploads/public/0/208/21808-8e100-product_list.jpg", "unit_price_raw": "kr 0,91 per stk", "product_url": "https://kolonial.no/produkter/11737-plastskjeer-transparent-20pk/", "kolonial_id": "11737"},
  {"category": "Salater og k\u00e5l", "category_list": ["Alle varer", "Frukt og gr\u00f8nt", "Salater og k\u00e5l"], "title": "Mini Pak Choi", "price": 15.9, "product_variant": "Spania/ Italia, 125 g", "quantity_info": [[125.0, "g"]], "image_url": "/media/uploads/public/154/107/507707-13777-product_list.jpg", "unit_price_raw": "kr 127,20 per kg", "product_url": "https://kolonial.no/produkter/26253-mini-pak-choi-italia/", "kolonial_id": "26253"},
  {"category": "Gr\u00f8nnsaker", "category_list": ["Alle varer", "Frukt og gr\u00f8nt", "Gr\u00f8nnsaker"], "title": "\u00d8kologiske Klasetomater", "price": 50.9, "product_variant": "Holland, 500 g", "quantity_info": [[500.0, "g"]], "image_url": "/media/uploads/public/342/231/137031-e4f3c-product_list.jpg", "unit_price_raw": "kr 101,80 per kg", "product_url": "https://kolonial.no/produkter/23924-okologiske-klasetomater-holland/", "kolonial_id": "23924"},
  {"category": "Frossen frukt og gr\u00f8nt", "category_list": ["Alle varer", "Frukt og gr\u00f8nt", "Frossen frukt og gr\u00f8nt"], "title": "Amerikansk Blanding", "price": 18.8, "product_variant": "800 g", "quantity_info": [[800.0, "g"]], "image_url": "/media/uploads/public/168/8/971208-99ed2-product_list.jpg", "unit_price_raw": "kr 23,50 per kg", "product_url": "https://kolonial.no/produkter/8406-rema-1000-amerikansk-blanding/", "kolonial_id": "8406"},
  {"category": "Middags-kit og gryteretter", "category_list": ["Alle varer", "Middager og tilbeh\u00f8r", "Middags-kit og gryteretter"], "title": "Amerikansk gryte", "price": 33.1, "product_variant": "188 g", "quantity_info": [[188.0, "g"]], "image_url": "/media/uploads/public/97/191/965391-9da58-product_list.jpg", "unit_price_raw": "kr 176,06 per kg", "product_url": "https://kolonial.no/produkter/765-toro-amerikansk-gryte/", "kolonial_id": "765"},
  {"category": "Ris og gryn", "category_list": ["Alle varer", "Middager og tilbeh\u00f8r", "Ris og gryn"], "title": "Middagsris St\u00e5pose", "price": 21.8, "product_variant": "2 kg", "quantity_info": [[2.0, "kg"]], "image_url": "/media/uploads/public/37/302/968702-3d29c-product_list.jpg", "unit_price_raw": "kr 10,90 per kg", "product_url": "https://kolonial.no/produkter/16398-rema-1000-middagsris-stapose/", "kolonial_id": "16398"},
  {"category": "Posesauser", "category_list": ["Alle varer", "Middager og tilbeh\u00f8r", "Posesauser"], "title": "Lammesaus Med Urter & R\u00f8dvin", "price": 18.6, "product_variant": "42 g", "quantity_info": [[42.0, "g"]], "image_url": "/media/uploads/public/140/228/965428-521be-product_list.jpg", "unit_price_raw": "kr 442,86 per kg", "product_url": "https://kolonial.no/produkter/6283-toro-lammesaus-med-urter-rodvin/", "kolonial_id": "6283"},
  {"category": "Middagstilbeh\u00f8r", "category_list": ["Alle varer", "Middager og tilbeh\u00f8r", "Middagstilbeh\u00f8r"], "title": "K\u00e5lstuing", "price": 43.2, "product_variant": "450 g", "quantity_info": [[450.0, "g"]], "image_url": "/media/uploads/public/139/282/965482-7129d-product_list.jpg", "unit_price_raw": "kr 96,00 per kg", "product_url": "https://kolonial.no/produkter/10724-toro-kalstuing-450g/", "kolonial_id": "10724"},
  {"category": "Middagstilbeh\u00f8r", "category_list": ["Alle varer", "Middager og tilbeh\u00f8r", "Middagstilbeh\u00f8r"], "title": "Spr\u00f8stekt L\u00f8k", "price": 17.0, "product_variant": "Glutenfri, 100 g", "quantity_info": [[100.0, "g"]], "image_url": "/media/uploads/public/327/227/511027-58ef5-product_list.jpg", "unit_price_raw": "kr 170,00 per kg", "product_url": "https://kolonial.no/produkter/8716-rema-1000-sprostekt-lok-glutenfri/", "kolonial_id": "8716"},
  {"category": "Lys", "category_list": ["Alle varer", "Husholdning og tekstil", "Lys"], "title": "EcoClassic 18w E14 P45 240v", "price": 46.7, "product_variant": "1 stk", "quantity_info": [[1.0, "stk"]], "image_url": "/media/uploads/public/0/171/115771-53b9a-product_list.jpg", "unit_price_raw": "kr 46,70 per stk", "product_url": "https://kolonial.no/produkter/10568-philips-ecoclassic-18w-e14-p45-240v-1-stk/", "kolonial_id": "10568"},
  {"category": "Kylling, kalkun og and", "category_list": ["Alle varer", "Kj\u00f8tt og kylling", "Kylling, kalkun og and"], "title": "Hel Landkylling", "price": 150.0, "product_variant": "Frossen, ca. 1,8 kg", "quantity_info": [[1.8, "kg"]], "image_url": "/media/uploads/public/152/27/369227-3cf9a-product_list.jpg", "unit_price_raw": "kr 83,33 per kg", "product_url": "https://kolonial.no/produkter/25806-stanges-gardsprodukter-hel-landkylling/", "kolonial_id": "25806"},
  {"category": "Bacon og tilbeh\u00f8r", "category_list": ["Alle varer", "Kj\u00f8tt og kylling", "Bacon og tilbeh\u00f8r"], "title": "Frokostbacon T\u00f8rrsaltet", "price": 39.9, "product_variant": "105 g", "quantity_info": [[105.0, "g"]], "image_url": "/media/uploads/public/223/101/141301-a16c8-product_list.jpg", "unit_price_raw": "kr 380,00 per kg", "product_url": "https://kolonial.no/produkter/24236-gilde-frokostbacon-torrsaltet/", "kolonial_id": "24236"},
  {"category": "Bacon og tilbeh\u00f8r", "category_list": ["Alle varer", "Kj\u00f8tt og kylling", "Bacon og tilbeh\u00f8r"], "title": "Stjernebacon", "price": 18.3, "product_variant": "140 g", "quantity_info": [[140.0, "g"]], "image_url": "/media/uploads/public/0/265/80665-dea57-product_list.jpg", "unit_price_raw": "kr 130,71 per kg", "product_url": "https://kolonial.no/produkter/954-gilde-stjernebacon-140g/", "kolonial_id": "954"},
  {"category": "Morsmelkerstatning", "category_list": ["Alle varer", "Barneprodukter", "Morsmelkerstatning"], "title": "NAN Pro 3 Juniormelk", "price": 108.5, "product_variant": "Fra 10 mnd, 700 g", "quantity_info": [[10.0, "mnd"], [700.0, "g"]], "image_url": "/media/uploads/public/74/330/965930-5a13f-product_list.jpg", "unit_price_raw": "kr 155,00 per kg", "product_url": "https://kolonial.no/produkter/1891-nestle-nan-pro-3-juniormelk-fra-10-mnd/", "kolonial_id": "1891"},
  {"category": "Smoothie, yoghurt og mellomm\u00e5ltid", "category_list": ["Alle varer", "Barneprodukter", "Smoothie, yoghurt og mellomm\u00e5ltid"], "title": "Lev Vel Smoothie Aprikos & Solb\u00e6r", "price": 12.4, "product_variant": "Fra 6 mnd, 90 g", "quantity_info": [[6.0, "mnd"], [90.0, "g"]], "image_url": "/media/uploads/public/118/158/969358-90660-product_list.jpg", "unit_price_raw": "kr 137,78 per kg", "product_url": "https://kolonial.no/produkter/17959-rema-1000-lev-vel-smoothie-aprikos-solbaer-fra-6-m/", "kolonial_id": "17959"},
  {"category": "Middagsglass", "category_list": ["Alle varer", "Barneprodukter", "Middagsglass"], "title": "Kalkungryte med Gr\u00f8nnsaker", "price": 19.6, "product_variant": "Fra 6 mnd, 195 g", "quantity_info": [[6.0, "mnd"], [195.0, "g"]], "image_url": "/media/uploads/public/249/214/964214-fc573-product_list.jpg", "unit_price_raw": "kr 100,51 per kg", "product_url": "https://kolonial.no/produkter/18748-nestle-kalkungryte-med-gronnsaker-fra-6-mnd/", "kolonial_id": "18748"},
  {"category": "Julens middagstilbeh\u00f8r", "category_list": ["Alle varer", "Middager og tilbeh\u00f8r", "Julens middagstilbeh\u00f8r"], "title": "R\u00f8dk\u00e5l", "price": 10.5, "product_variant": "450 g", "quantity_info": [[450.0, "g"]], "image_url": "/media/uploads/public/48/49/965249-10c65-product_list.jpg", "unit_price_raw": "kr 23,33 per kg", "product_url": "https://kolonial.no/produkter/335-nora-rodkal-450g/", "kolonial_id": "335"},
  {"category": "Poser og folie", "category_list": ["Alle varer", "Husholdning og tekstil", "Poser og folie"], "title": "Bakepapir Ark", "price": 14.9, "product_variant": "18 stk", "quantity_info": [[18.0, "stk"]], "image_url": "/media/uploads/public/59/224/145024-41278-product_list.jpg", "unit_price_raw": "kr 0,83 per stk", "product_url": "https://kolonial.no/produkter/22309-bakepapir-ark/", "kolonial_id": "22309"},
  {"category": "Poser og folie", "category_list": ["Alle varer", "Husholdning og tekstil", "Poser og folie"], "title": "Aluminiumsfolie", "price": 24.6, "product_variant": "29cm, 20 m", "quantity_info": [[29.0, "cm"], [20.0, "m"]], "image_url": "/media/uploads/public/0/127/98527-e9c42-product_list.jpg", "unit_price_raw": "kr 1,23 per m", "product_url": "https://kolonial.no/produkter/22279-aluminiumsfolie-29cm/", "kolonial_id": "22279"},
  {"category": "Rulletobakk", "category_list": ["Alle varer", "Snus og tobakk", "Rulletobakk"], "title": "Winner Tip Hylse", "price": 41.9, "product_variant": "200 stk", "quantity_info": [[200.0, "stk"]], "image_url": "https://kolonial.no/static/products/img/placeholder.bffcea8d3530.png", "unit_price_raw": "kr 0,21 per stk", "product_url": "https://kolonial.no/produkter/17644-winner-tip-hylse/", "kolonial_id": "17644"},
  {"category": "Gr\u00f8t", "category_list": ["Alle varer", "Barneprodukter", "Gr\u00f8t"], "title": "Min Gr\u00f8t Havre P\u00e6re Banan", "price": 69.1, "product_variant": "Fra 6 mnd, 480 g", "quantity_info": [[6.0, "mnd"], [480.0, "g"]], "image_url": "/media/uploads/public/368/186/971386-82d4b-product_list.jpg", "unit_price_raw": "kr 143,96 per kg", "product_url": "https://kolonial.no/produkter/23402-nestle-min-grot-havre-paere-banan-fra-6-mnd/", "kolonial_id": "23402"},
  {"category": "Gr\u00f8t", "category_list": ["Alle varer", "Barneprodukter", "Gr\u00f8t"], "title": "Min Gr\u00f8t Mild Havre Bringeb\u00e6r", "price": 74.0, "product_variant": "Fra 6 mnd, 480 g", "quantity_info": [[6.0, "mnd"], [480.0, "g"]], "image_url": "/media/uploads/public/268/139/971339-7fc57-product_list.jpg", "unit_price_raw": "kr 154,17 per kg", "product_url": "https://kolonial.no/produkter/23406-nestle-min-grot-mild-havre-bringebaer-fra-6-mnd/", "kolonial_id": "23406"},
  {"category": "Honning og s\u00f8tp\u00e5legg", "category_list": ["Alle varer", "P\u00e5legg", "Honning og s\u00f8tp\u00e5legg"], "title": "Sjokade", "price": 32.1, "product_variant": "500 g", "quantity_info": [[500.0, "g"]], "image_url": "/media/uploads/public/135/312/972312-c80fc-product_list.jpg", "unit_price_raw": "kr 64,20 per kg", "product_url": "https://kolonial.no/produkter/6541-stabburet-sjokade-500g/", "kolonial_id": "6541"},
  {"category": "Snus", "category_list": ["Alle varer", "Snus og tobakk", "Snus"], "title": "Skruf Nordic #2", "price": 92.9, "product_variant": "White Slim, 16,8 g", "quantity_info": [[16.8, "g"]], "image_url": "https://kolonial.no/static/products/img/placeholder.bffcea8d3530.png", "unit_price_raw": "kr 5529,76 per kg", "product_url": "https://kolonial.no/produkter/3961-skruf-skruf-nordic-2-white-slim/", "kolonial_id": "3961"},
  {"category": "Sigaretter", "category_list": ["Alle varer", "Snus og tobakk", "Sigaretter"], "title": "Kent Surround 100\u2019s", "price": 119.9, "product_variant": "20 stk", "quantity_info": [[20.0, "stk"]], "image_url": "https://kolonial.no/static/products/img/placeholder.bffcea8d3530.png", "unit_price_raw": "kr 6,00 per stk", "product_url": "https://kolonial.no/produkter/4030-kent-kent-surround-100s/", "kolonial_id": "4030"},
  {"category": "Salatp\u00e5legg", "category_list": ["Alle varer", "P\u00e5legg", "Salatp\u00e5legg"], "title": "Italiensk Salat", "price": 27.8, "product_variant": "320 g", "quantity_info": [[320.0, "g"]], "image_url": "/media/uploads/public/111/15/972015-c6099-product_list.jpg", "unit_price_raw": "kr 86,88 per kg", "product_url": "https://kolonial.no/produkter/659-delikat-italiensk-salat-350g/", "kolonial_id": "659"},
  {"category": "Salatp\u00e5legg", "category_list": ["Alle varer", "P\u00e5legg", "Salatp\u00e5legg"], "title": "Karrikyllingsalat", "price": 28.8, "product_variant": "200 g", "quantity_info": [[200.0, "g"]], "image_url": "/media/uploads/public/392/26/966426-8aa85-product_list.jpg", "unit_price_raw": "kr 144,00 per kg", "product_url": "https://kolonial.no/produkter/11443-delikat-karrikyllingsalat-200g/", "kolonial_id": "11443"},
  {"category": "Leverpostei", "category_list": ["Alle varer", "P\u00e5legg", "Leverpostei"], "title": "Leverpostei Porsjon", "price": 32.4, "product_variant": "Porsjon 6x22g, 132 g", "quantity_info": [[6.0, "x"], [22.0, "g"], [132.0, "g"]], "image_url": "/media/uploads/public/96/124/965324-89dbe-product_list.jpg", "unit_price_raw": "kr 245,45 per kg", "product_url": "https://kolonial.no/produkter/1180-stabburet-leverpostei-porsjon-porsjon-6x22g/", "kolonial_id": "1180"},
  {"category": "Majones og tubep\u00e5legg", "category_list": ["Alle varer", "P\u00e5legg", "Majones og tubep\u00e5legg"], "title": "Mager Skinkeost", "price": 31.5, "product_variant": "Tube, 175 g", "quantity_info": [[175.0, "g"]], "image_url": "/media/uploads/public/230/390/966790-f48a0-product_list.jpg", "unit_price_raw": "kr 180,00 per kg", "product_url": "https://kolonial.no/produkter/4528-kavli-mager-skinkeost-tube-175g/", "kolonial_id": "4528"},
  {"category": "Syltet\u00f8y", "category_list": ["Alle varer", "P\u00e5legg", "Syltet\u00f8y"], "title": "Bringeb\u00e6rsyltet\u00f8y Hjemmelaget", "price": 28.3, "product_variant": "400 g", "quantity_info": [[400.0, "g"]], "image_url": "/media/uploads/public/153/395/965195-558ac-product_list.jpg", "unit_price_raw": "kr 70,75 per kg", "product_url": "https://kolonial.no/produkter/2386-nora-bringebaersyltetoy-hjemmelaget-400g/", "kolonial_id": "2386"},
  {"category": "Fiskep\u00e5legg", "category_list": ["Alle varer", "P\u00e5legg", "Fiskep\u00e5legg"], "title": "Julesild", "price": 99.0, "product_variant": "3 stk, 490 g", "quantity_info": [[3.0, "stk"], [490.0, "g"]], "image_url": "/media/uploads/public/229/60/968860-ade70-product_list.jpg", "unit_price_raw": "kr 202,04 per kg", "product_url": "https://kolonial.no/produkter/16663-delikat-julesild-3-stk/", "kolonial_id": "16663"},
  {"category": "Fiskep\u00e5legg", "category_list": ["Alle varer", "P\u00e5legg", "Fiskep\u00e5legg"], "title": "R\u00f8kt Laks Skivet", "price": 34.9, "product_variant": "ca. 100 g", "quantity_info": [[100.0, "g"]], "image_url": "/media/uploads/public/0/160/8960-76293-product_list.jpg", "unit_price_raw": "kr 349,00 per kg", "product_url": "https://kolonial.no/produkter/4456-godehav-rokt-laks-skivet/", "kolonial_id": "4456"},
  {"category": "Kj\u00f8tt- og kyllingp\u00e5legg", "category_list": ["Alle varer", "P\u00e5legg", "Kj\u00f8tt- og kyllingp\u00e5legg"], "title": "Svinestek av Filet", "price": 31.8, "product_variant": "100 g", "quantity_info": [[100.0, "g"]], "image_url": "/media/uploads/public/136/200/367400-30d51-product_list.jpg", "unit_price_raw": "kr 318,00 per kg", "product_url": "https://kolonial.no/produkter/25545-rema-1000-svinestek-av-filet-100g/", "kolonial_id": "25545"},
  {"category": "Spekemat og salami", "category_list": ["Alle varer", "P\u00e5legg", "Spekemat og salami"], "title": "Gullsalami", "price": 37.9, "product_variant": "100 g", "quantity_info": [[100.0, "g"]], "image_url": "/media/uploads/public/263/373/973973-8f299-product_list.jpg", "unit_price_raw": "kr 379,00 per kg", "product_url": "https://kolonial.no/produkter/8276-grilstad-gullsalami-100g/", "kolonial_id": "8276"},
  {"category": "Fuglemat", "category_list": ["Alle varer", "Dyremat", "Fuglemat"], "title": "Solsikkefr\u00f8", "price": 55.5, "product_variant": "2,5 kg", "quantity_info": [[2.5, "kg"]], "image_url": "/media/uploads/public/382/132/201732-89070-product_list.jpg", "unit_price_raw": "kr 22,20 per kg", "product_url": "https://kolonial.no/produkter/25398-rema-1000-solsikkefro/", "kolonial_id": "25398"},
  {"category": "Kattemat", "category_list": ["Alle varer", "Dyremat", "Kattemat"], "title": "Junior Katt", "price": 27.1, "product_variant": "Friskies, 400 g", "quantity_info": [[400.0, "g"]], "image_url": "/media/uploads/public/382/22/966022-e7325-product_list.jpg", "unit_price_raw": "kr 67,75 per kg", "product_url": "https://kolonial.no/produkter/12454-nestle-junior-katt-friskies-400g/", "kolonial_id": "12454"},
  {"category": "Fl\u00f8te og r\u00f8mmeprodukter", "category_list": ["Alle varer", "Melk, meieriprodukter og egg", "Fl\u00f8te og r\u00f8mmeprodukter"], "title": "Kremfl\u00f8te", "price": 17.1, "product_variant": "0,3 l", "quantity_info": [[0.3, "l"]], "image_url": "/media/uploads/public/0/78/78-9a427-product_list.jpg", "unit_price_raw": "kr 57,00 per l", "product_url": "https://kolonial.no/produkter/433-tine-kremflote-03l/", "kolonial_id": "433"},
  {"category": "Yoghurt", "category_list": ["Alle varer", "Melk, meieriprodukter og egg", "Yoghurt"], "title": "Yoghurt Gresk Naturell", "price": 52.9, "product_variant": "1 kg", "quantity_info": [[1.0, "kg"]], "image_url": "/media/uploads/public/306/246/966646-a184f-product_list.jpg", "unit_price_raw": "kr 52,90 per kg", "product_url": "https://kolonial.no/produkter/2698-lindahls-yoghurt-gresk-naturell-1kg/", "kolonial_id": "2698"},
  {"category": "Yoghurt", "category_list": ["Alle varer", "Melk, meieriprodukter og egg", "Yoghurt"], "title": "Frokostyoghurt Vanilje", "price": 33.4, "product_variant": "Pose, 800 g", "quantity_info": [[800.0, "g"]], "image_url": "/media/uploads/public/129/216/968216-45184-product_list.jpg", "unit_price_raw": "kr 41,75 per kg", "product_url": "https://kolonial.no/produkter/14074-q-meieriene-frokostyoghurt-vanilje-pose/", "kolonial_id": "14074"},
  {"category": "Sm\u00f8r og margarin", "category_list": ["Alle varer", "Melk, meieriprodukter og egg", "Sm\u00f8r og margarin"], "title": "Melange Flytende med Sm\u00f8r", "price": 36.9, "product_variant": "520 ml", "quantity_info": [[520.0, "ml"]], "image_url": "/media/uploads/public/300/285/1007885-3527f-product_list.jpg", "unit_price_raw": "kr 70,96 per l", "product_url": "https://kolonial.no/produkter/19663-melange-melange-flytende-med-smor/", "kolonial_id": "19663"},
  {"category": "Egg", "category_list": ["Alle varer", "Melk, meieriprodukter og egg", "Egg"], "title": "Egg \u00d8kologisk", "price": 29.0, "product_variant": "6 stk", "quantity_info": [[6.0, "stk"]], "image_url": "/media/uploads/public/67/250/506250-a00d9-product_list.jpg", "unit_price_raw": "kr 4,83 per stk", "product_url": "https://kolonial.no/produkter/26229-kolonihagen-egg-okologisk/", "kolonial_id": "26229"},
  {"category": "Energidrikk", "category_list": ["Alle varer", "Drikkevarer", "Energidrikk"], "title": "Red Bull Sugar Free", "price": 22.5, "product_variant": "0,25 l", "quantity_info": [[0.25, "l"]], "image_url": "/media/uploads/public/39/321/973921-4b81c-product_list.jpg", "unit_price_raw": "kr 90,00 per l", "product_url": "https://kolonial.no/produkter/6715-red-bull-red-bull-sugar-free-025l/", "kolonial_id": "6715"},
  {"category": "Kakao og sjokoladepulver", "category_list": ["Alle varer", "Drikkevarer", "Kakao og sjokoladepulver"], "title": "O'boy Mindre Sukker", "price": 39.1, "product_variant": "500 g", "quantity_info": [[500.0, "g"]], "image_url": "/media/uploads/public/182/192/370192-c48fd-product_list.jpg", "unit_price_raw": "kr 78,20 per kg", "product_url": "https://kolonial.no/produkter/25893-oboy-oboy-mindre-sukker/", "kolonial_id": "25893"},
  {"category": "Kakao og sjokoladepulver", "category_list": ["Alle varer", "Drikkevarer", "Kakao og sjokoladepulver"], "title": "Regia Kakao 2 x 1kg", "price": 220.9, "product_variant": "2 kg", "quantity_info": [[2.0, "kg"]], "image_url": "/media/uploads/public/51/220/616620-91f1a-product_list.jpg", "unit_price_raw": "kr 110,45 per kg", "product_url": "https://kolonial.no/produkter/26500-freia-regia-kakao-2-x-1kg/", "kolonial_id": "26500"},
  {"category": "Te", "category_list": ["Alle varer", "Drikkevarer", "Te"], "title": "Twinings Earl Grey", "price": 68.3, "product_variant": "50 poser, 50 stk", "quantity_info": [[50.0, "poser"], [50.0, "stk"]], "image_url": "/media/uploads/public/61/117/972517-9a674-product_list.jpg", "unit_price_raw": "kr 1,37 per stk", "product_url": "https://kolonial.no/produkter/7735-twinings-twinings-earl-grey-50-poser/", "kolonial_id": "7735"},
  {"category": "Kaffe", "category_list": ["Alle varer", "Drikkevarer", "Kaffe"], "title": "Frokostkaffe", "price": 33.8, "product_variant": "Presskanne, 250 g", "quantity_info": [[250.0, "g"]], "image_url": "/media/uploads/public/120/214/967014-21d5d-product_list.jpg", "unit_price_raw": "kr 135,20 per kg", "product_url": "https://kolonial.no/produkter/3577-friele-frokostkaffe-presskanne-250g/", "kolonial_id": "3577"},
  {"category": "Iste", "category_list": ["Alle varer", "Drikkevarer", "Iste"], "title": "Lipton Ice Tea Lemon", "price": 25.9, "product_variant": "0,5 l", "quantity_info": [[0.5, "l"]], "image_url": "/media/uploads/public/346/0/724800-fc940-product_list.jpg", "unit_price_raw": "kr 51,80 per l", "product_url": "https://kolonial.no/produkter/27733-lipton-lipton-ice-tea-lemon/", "kolonial_id": "27733"},
  {"category": "Saft", "category_list": ["Alle varer", "Drikkevarer", "Saft"], "title": "Fun Light Ice Tea Peach", "price": 41.5, "product_variant": "0,8 l", "quantity_info": [[0.8, "l"]], "image_url": "/media/uploads/public/70/356/969556-b46b8-product_list.jpg", "unit_price_raw": "kr 51,88 per l", "product_url": "https://kolonial.no/produkter/10634-fun-light-fun-light-ice-tea-peach-1l/", "kolonial_id": "10634"},
  {"category": "Saft", "category_list": ["Alle varer", "Drikkevarer", "Saft"], "title": "Husholdningssaft", "price": 43.5, "product_variant": "Uten tilsatt sukker, 0,9 l", "quantity_info": [[0.9, "l"]], "image_url": "/media/uploads/public/169/126/973726-e6715-product_list.jpg", "unit_price_raw": "kr 48,33 per l", "product_url": "https://kolonial.no/produkter/427-lerum-husholdningssaft-uten-tilsatt-sukker-09l/", "kolonial_id": "427"},
  {"category": "Smoothie", "category_list": ["Alle varer", "Drikkevarer", "Smoothie"], "title": "Smoothie Jordb\u00e6r, Banan & Guava", "price": 230.0, "product_variant": "5 l", "quantity_info": [[5.0, "l"]], "image_url": "/media/uploads/public/202/341/142341-80217-product_list.jpg", "unit_price_raw": "kr 46,00 per l", "product_url": "https://kolonial.no/produkter/24284-froosh-smoothie-jordbaer-banan-guava/", "kolonial_id": "24284"},
  {"category": "Juice", "category_list": ["Alle varer", "Drikkevarer", "Juice"], "title": "R\u00e5 Pressede Appelsiner", "price": 45.2, "product_variant": "1 l", "quantity_info": [[1.0, "l"]], "image_url": "/media/uploads/public/332/141/971341-e65ec-product_list.jpg", "unit_price_raw": "kr 45,20 per l", "product_url": "https://kolonial.no/produkter/23425-synnove-ra-pressede-appelsiner/", "kolonial_id": "23425"},
  {"category": "Vann og mineralvann", "category_list": ["Alle varer", "Drikkevarer", "Vann og mineralvann"], "title": "Grans Taffel Eple", "price": 12.9, "product_variant": "1,5 l", "quantity_info": [[1.5, "l"]], "image_url": "/media/uploads/public/379/267/973867-f9857-product_list.jpg", "unit_price_raw": "kr 8,60 per l", "product_url": "https://kolonial.no/produkter/3133-grans-bryggeri-grans-taffel-eple-15l/", "kolonial_id": "3133"},
  {"category": "Julens kj\u00f8tt og kylling", "category_list": ["Alle varer", "Kj\u00f8tt og kylling", "Julens kj\u00f8tt og kylling"], "title": "Hel Kalkun", "price": 499.0, "product_variant": "ca. 6 kg", "quantity_info": [[6.0, "kg"]], "image_url": "/media/uploads/public/45/362/971962-d29a5-product_list.jpg", "unit_price_raw": "kr 83,17 per kg", "product_url": "https://kolonial.no/produkter/16732-stanges-gardsprodukter-hel-kalkun/", "kolonial_id": "16732"},
  {"category": "Sm\u00f8reost og prim", "category_list": ["Alle varer", "Oster", "Sm\u00f8reost og prim"], "title": "Philadelphia Hvitl\u00f8k & Urter", "price": 27.0, "product_variant": "200 g", "quantity_info": [[200.0, "g"]], "image_url": "/media/uploads/public/357/337/966737-d1481-product_list.jpg", "unit_price_raw": "kr 135,00 per kg", "product_url": "https://kolonial.no/produkter/4435-philadelphia-philadelphia-hvitlok-urter-200g/", "kolonial_id": "4435"},
  {"category": "Brunost", "category_list": ["Alle varer", "Oster", "Brunost"], "title": "Ekte Geitost Rund", "price": 97.8, "product_variant": "750 g", "quantity_info": [[750.0, "g"]], "image_url": "/media/uploads/public/0/150/966550-e7ebe-product_list.jpg", "unit_price_raw": "kr 130,40 per kg", "product_url": "https://kolonial.no/produkter/12331-tine-ekte-geitost-rund/", "kolonial_id": "12331"},
  {"category": "Brunost", "category_list": ["Alle varer", "Oster", "Brunost"], "title": "Geitost Ekte FG33", "price": 70.5, "product_variant": "500 g", "quantity_info": [[500.0, "g"]], "image_url": "/media/uploads/public/133/84/966484-7edc7-product_list.jpg", "unit_price_raw": "kr 141,00 per kg", "product_url": "https://kolonial.no/produkter/2305-tine-geitost-ekte-fg33-500g/", "kolonial_id": "2305"},
  {"category": "Bleier", "category_list": ["Alle varer", "Barneprodukter", "Bleier"], "title": "Libero Touch", "price": 58.5, "product_variant": "Str.6 13-20kg, 20 stk, 20 stk", "quantity_info": [[613.0, ""], [20.0, "kg"], [20.0, "stk"], [20.0, "stk"]], "image_url": "/media/uploads/public/79/103/1018903-1c013-product_list.jpg", "unit_price_raw": "kr 2,93 per stk", "product_url": "https://kolonial.no/produkter/20959-libero-libero-touch-str6-13-20kg-20-stk/", "kolonial_id": "20959"},
  {"category": "Spesialoster", "category_list": ["Alle varer", "Oster", "Spesialoster"], "title": "\u00d8kologisk Mozzarella", "price": 27.8, "product_variant": "125 g", "quantity_info": [[125.0, "g"]], "image_url": "/media/uploads/public/195/394/970394-558bf-product_list.jpg", "unit_price_raw": "kr 222,40 per kg", "product_url": "https://kolonial.no/produkter/22498-okologisk-mozzarella/", "kolonial_id": "22498"},
  {"category": "Julens p\u00e5legg", "category_list": ["Alle varer", "P\u00e5legg", "Julens p\u00e5legg"], "title": "Westfaler Spekeskinke", "price": 100.0, "product_variant": "Str\u00f8m-Larsen, 200 g", "quantity_info": [[200.0, "g"]], "image_url": "/media/uploads/public/308/108/137308-668bf-product_list.jpg", "unit_price_raw": "kr 500,00 per kg", "product_url": "https://kolonial.no/produkter/18469-strom-larsen-westfaler-spekeskinke-strom-larsen/", "kolonial_id": "18469"},
  {"category": "Gr\u00f8nne planter", "category_list": ["Alle varer", "Blomster og planter", "Gr\u00f8nne planter"], "title": "Bambus Monica", "price": 60.0, "product_variant": "35 cm, 1 stk", "quantity_info": [[35.0, "cm"], [1.0, "stk"]], "image_url": "/media/uploads/public/86/43/998843-ee402-product_list.jpg", "unit_price_raw": "kr 60,00 per stk", "product_url": "https://kolonial.no/produkter/27121-bambus-monica-35-cm/", "kolonial_id": "27121"},
  {"category": "Gr\u00f8nne planter", "category_list": ["Alle varer", "Blomster og planter", "Gr\u00f8nne planter"], "title": "Dieffenbachia", "price": 60.0, "product_variant": "20-40 cm h\u00f8y. 12 cm potte, 1 stk", "quantity_info": [[20.0, ""], [40.0, "cmh\u00f8y"], [12.0, "cmpotte"], [1.0, "stk"]], "image_url": "/media/uploads/public/233/328/659928-3bf1c-product_list.jpg", "unit_price_raw": "kr 60,00 per stk", "product_url": "https://kolonial.no/produkter/27146-dieffenbachia-40cm-1-stk/", "kolonial_id": "27146"},
  {"category": "Planter med potte", "category_list": ["Alle varer", "Blomster og planter", "Planter med potte"], "title": "Chloro Lemon og glasspotte", "price": 120.0, "product_variant": "20-40 cm h\u00f8y. 12 cm potte, 1 stk", "quantity_info": [[20.0, ""], [40.0, "cmh\u00f8y"], [12.0, "cmpotte"], [1.0, "stk"]], "image_url": "/media/uploads/public/282/40/998840-bad78-product_list.jpg", "unit_price_raw": "kr 120,00 per stk", "product_url": "https://kolonial.no/produkter/27825-chloro-lemon-i-glasspotte-40cm-1-stk/", "kolonial_id": "27825"},
  {"category": "Brus", "category_list": ["Alle varer", "Drikkevarer", "Brus"], "title": "Coca-Cola", "price": 109.9, "product_variant": "10 x 0,33l, 3,3 l", "quantity_info": [[10.0, "x"], [0.33, "l"], [3.3, "l"]], "image_url": "/media/uploads/public/53/374/973974-1e387-product_list.jpg", "unit_price_raw": "kr 33,30 per l", "product_url": "https://kolonial.no/produkter/23591-coca-cola-coca-cola-10-x-033l/", "kolonial_id": "23591"},
  {"category": "Snacking", "category_list": ["Alle varer", "Pizza og taco", "Snacking"], "title": "Gorbys Pirog Original", "price": 18.2, "product_variant": "120 g", "quantity_info": [[120.0, "g"]], "image_url": "/media/uploads/public/386/107/966907-11c31-product_list.jpg", "unit_price_raw": "kr 151,67 per kg", "product_url": "https://kolonial.no/produkter/4234-gorbys-pirog-original-120g/", "kolonial_id": "4234"},
  {"category": "Hundemat", "category_list": ["Alle varer", "Dyremat", "Hundemat"], "title": "Hundep\u00f8lse", "price": 24.9, "product_variant": "1 kg", "quantity_info": [[1.0, "kg"]], "image_url": "/media/uploads/public/27/341/964341-9f4ee-product_list.jpg", "unit_price_raw": "kr 24,90 per kg", "product_url": "https://kolonial.no/produkter/8294-snadder-hundepolse-1kg/", "kolonial_id": "8294"},
  {"category": "Snittblomster", "category_list": ["Alle varer", "Blomster og planter", "Snittblomster"], "title": "Alstromeria Hvit", "price": 50.0, "product_variant": "45 cm, 8 stk", "quantity_info": [[45.0, "cm"], [8.0, "stk"]], "image_url": "/media/uploads/public/91/317/659917-e261b-product_list.jpg", "unit_price_raw": "kr 6,25 per stk", "product_url": "https://kolonial.no/produkter/27129-fresh-flowers-alstromeria-hvit-45-cm/", "kolonial_id": "27129"},
  {"category": "Snittblomster", "category_list": ["Alle varer", "Blomster og planter", "Snittblomster"], "title": "Alstromeria Rosa", "price": 50.0, "product_variant": "45 cm, 8 stk", "quantity_info": [[45.0, "cm"], [8.0, "stk"]], "image_url": "/media/uploads/public/24/320/659920-d1e64-product_list.jpg", "unit_price_raw": "kr 6,25 per stk", "product_url": "https://kolonial.no/produkter/27128-fresh-flowers-alstromeria-rosa-45-cm/", "kolonial_id": "27128"},
  {"category": "Taco", "category_list": ["Alle varer", "Pizza og taco", "Taco"], "title": "Tortillas", "price": 14.5, "product_variant": "8 stk Medium, 326 g", "quantity_info": [[8.0, "stkMedium"], [326.0, "g"]], "image_url": "/media/uploads/public/156/151/715351-32a7e-product_list.jpg", "unit_price_raw": "kr 44,48 per kg", "product_url": "https://kolonial.no/produkter/7135-tortillas-old-el-paso-8/", "kolonial_id": "7135"},
  {"category": "Buljong og fond", "category_list": ["Alle varer", "Olje og krydder", "Buljong og fond"], "title": "Oksefond med R\u00f8dvin", "price": 67.9, "product_variant": "180 ml", "quantity_info": [[180.0, "ml"]], "image_url": "/media/uploads/public/191/397/664797-c4c0c-product_list.jpg", "unit_price_raw": "kr 377,22 per l", "product_url": "https://kolonial.no/produkter/27222-touch-taste-oksefond-med-rodvin/", "kolonial_id": "27222"},
  {"category": "Kryddermiks", "category_list": ["Alle varer", "Olje og krydder", "Kryddermiks"], "title": "Guacamole Spicemix", "price": 10.1, "product_variant": "20 g", "quantity_info": [[20.0, "g"]], "image_url": "/media/uploads/public/348/147/715347-55535-product_list.jpg", "unit_price_raw": "kr 505,00 per kg", "product_url": "https://kolonial.no/produkter/13051-old-el-paso-guacamole-spicemix-20g/", "kolonial_id": "13051"},
  {"category": "Kryddermiks", "category_list": ["Alle varer", "Olje og krydder", "Kryddermiks"], "title": "Juicy Chicken Provencale", "price": 21.7, "product_variant": "34 g", "quantity_info": [[34.0, "g"]], "image_url": "/media/uploads/public/201/32/966032-5bb91-product_list.jpg", "unit_price_raw": "kr 638,24 per kg", "product_url": "https://kolonial.no/produkter/2026-maggi-juicy-chicken-provencale/", "kolonial_id": "2026"},
  {"category": "Ketchup og sennep", "category_list": ["Alle varer", "Olje og krydder", "Ketchup og sennep"], "title": "Ketchup", "price": 13.0, "product_variant": "Prima, 1 kg", "quantity_info": [[1.0, "kg"]], "image_url": "/media/uploads/public/323/42/966442-d540f-product_list.jpg", "unit_price_raw": "kr 13,00 per kg", "product_url": "https://kolonial.no/produkter/5062-salatmestern-ketchup-prima/", "kolonial_id": "5062"},
  {"category": "Prevensjon", "category_list": ["Alle varer", "Hygieneartikler", "Prevensjon"], "title": "Graviditetstest", "price": 78.5, "product_variant": "1 stk", "quantity_info": [[1.0, "stk"]], "image_url": "/media/uploads/public/141/324/964324-a88cb-product_list.jpg", "unit_price_raw": "kr 78,50 per stk", "product_url": "https://kolonial.no/produkter/14098-rfsu-graviditetstest-1stk/", "kolonial_id": "14098"},
  {"category": "Deodorant", "category_list": ["Alle varer", "Hygieneartikler", "Deodorant"], "title": "Lilly Blossom Roll-On", "price": 40.4, "product_variant": "50 ml", "quantity_info": [[50.0, "ml"]], "image_url": "/media/uploads/public/70/297/618297-7446c-product_list.jpg", "unit_price_raw": "kr 808,00 per l", "product_url": "https://kolonial.no/produkter/26557-sterilan-lilly-blossom-roll-/", "kolonial_id": "26557"},
  {"category": "Deodorant", "category_list": ["Alle varer", "Hygieneartikler", "Deodorant"], "title": "Blooming Freesia Deo", "price": 40.4, "product_variant": "50 ml", "quantity_info": [[50.0, "ml"]], "image_url": "/media/uploads/public/234/294/970294-9da15-product_list.jpg", "unit_price_raw": "kr 808,00 per l", "product_url": "https://kolonial.no/produkter/21175-sterilan-blooming-freesia-deo/", "kolonial_id": "21175"},
  {"category": "Melk", "category_list": ["Alle varer", "Melk, meieriprodukter og egg", "Melk"], "title": "TineMelk \u00d8kologisk Lett", "price": 23.1, "product_variant": "1 l", "quantity_info": [[1.0, "l"]], "image_url": "/media/uploads/public/294/259/155859-2a1fa-product_list.jpg", "unit_price_raw": "kr 23,10 per l", "product_url": "https://kolonial.no/produkter/2257-tine-tine-okologisk-lett-melk-1l/", "kolonial_id": "2257"},
  {"category": "Barbering", "category_list": ["Alle varer", "Hygieneartikler", "Barbering"], "title": "Fiusion Proglide 5", "price": 252.9, "product_variant": "4 stk", "quantity_info": [[4.0, "stk"]], "image_url": "/media/uploads/public/345/230/973430-f541e-product_list.jpg", "unit_price_raw": "kr 63,23 per stk", "product_url": "https://kolonial.no/produkter/396-gillette-fiusion-proglide-5/", "kolonial_id": "396"},
  {"category": "Solkrem", "category_list": ["Alle varer", "Shampo, s\u00e5pe og krem", "Solkrem"], "title": "Sun Protect & Moisture", "price": 119.5, "product_variant": "SPF 15, 200 ml", "quantity_info": [[15.2, "ml"]], "image_url": "/media/uploads/public/118/81/158081-1e53a-product_list.jpg", "unit_price_raw": "kr 597,50 per l", "product_url": "https://kolonial.no/produkter/25246-nivea-sun-protect-moisture-spf-15/", "kolonial_id": "25246"},
  {"category": "Barnes\u00e5pe og babyolje", "category_list": ["Alle varer", "Shampo, s\u00e5pe og krem", "Barnes\u00e5pe og babyolje"], "title": "Balsamspray", "price": 42.0, "product_variant": "Kids, 150 ml", "quantity_info": [[150.0, "ml"]], "image_url": "/media/uploads/public/306/187/970987-68337-product_list.jpg", "unit_price_raw": "kr 280,00 per l", "product_url": "https://kolonial.no/produkter/814-natusan-balsamspray-kids-150ml/", "kolonial_id": "814"},
  {"category": "Bomull og ansiktsrens", "category_list": ["Alle varer", "Hygieneartikler", "Bomull og ansiktsrens"], "title": "Bomullspinner Baby", "price": 18.2, "product_variant": "72 stk", "quantity_info": [[72.0, "stk"]], "image_url": "/media/uploads/public/0/164/968164-2536c-product_list.jpg", "unit_price_raw": "kr 0,25 per stk", "product_url": "https://kolonial.no/produkter/13756-rema-1000-bomullspinner-baby-72-stk/", "kolonial_id": "13756"},
  {"category": "Krydder", "category_list": ["Alle varer", "Olje og krydder", "Krydder"], "title": "Havsaltflak", "price": 55.9, "product_variant": "Med Kvern, 55 g", "quantity_info": [[55.0, "g"]], "image_url": "/media/uploads/public/107/311/507511-418f2-product_list.jpg", "unit_price_raw": "kr 1016,36 per kg", "product_url": "https://kolonial.no/produkter/25774-maldon-maldon-havsaltflak-med-kvern/", "kolonial_id": "25774"},
  {"category": "Krydder", "category_list": ["Alle varer", "Olje og krydder", "Krydder"], "title": "Havsaltflak Smoked", "price": 70.9, "product_variant": "Med Kvern, 55 g", "quantity_info": [[55.0, "g"]], "image_url": "/media/uploads/public/101/312/507512-55aaa-product_list.jpg", "unit_price_raw": "kr 1289,09 per kg", "product_url": "https://kolonial.no/produkter/26234-maldon-maldon-havsaltflak-smoked-med-kvern/", "kolonial_id": "26234"},
  {"category": "Helsekost", "category_list": ["Alle varer", "Legemidler og helsekost", "Helsekost"], "title": "M\u00f6ller's Tran", "price": 113.0, "product_variant": "Naturell, 500g, 500 ml", "quantity_info": [[500.0, "g"], [500.0, "ml"]], "image_url": "/media/uploads/public/56/261/964261-fc0f0-product_list.jpg", "unit_price_raw": "kr 226,00 per l", "product_url": "https://kolonial.no/produkter/877-mollers-mollers-tran-naturell-500g/", "kolonial_id": "877"},
  {"category": "Proteinbar og m\u00fcslibar", "category_list": ["Alle varer", "Legemidler og helsekost", "Proteinbar og m\u00fcslibar"], "title": "Premium Dark Chocolate", "price": 91.8, "product_variant": "4pk, 0,24 kg", "quantity_info": [[4.0, "pk"], [0.24, "kg"]], "image_url": "/media/uploads/public/93/147/967347-4bd13-product_list.jpg", "unit_price_raw": "kr 382,50 per kg", "product_url": "https://kolonial.no/produkter/9734-nutrilett-premium-dark-chocolate-4pk/", "kolonial_id": "9734"},
  {"category": "Plaster", "category_list": ["Alle varer", "Legemidler og helsekost", "Plaster"], "title": "Vannfast Plaster", "price": 40.7, "product_variant": "12 stk", "quantity_info": [[12.0, "stk"]], "image_url": "/media/uploads/public/375/368/964368-8519c-product_list.jpg", "unit_price_raw": "kr 3,39 per stk", "product_url": "https://kolonial.no/produkter/14083-salvequick-vannfast-plaster-12stk/", "kolonial_id": "14083"},
  {"category": "Roser", "category_list": ["Alle varer", "Blomster og planter", "Roser"], "title": "Roser Belle Rose", "price": 100.0, "product_variant": "50 cm, 10 stk", "quantity_info": [[50.0, "cm"], [10.0, "stk"]], "image_url": "/media/uploads/public/17/75/668475-cb92a-product_list.jpg", "unit_price_raw": "kr 10,00 per stk", "product_url": "https://kolonial.no/produkter/27134-fresh-flowers-roser-rosa-50-cm/", "kolonial_id": "27134"},
  {"category": "Bind og tamponger", "category_list": ["Alle varer", "Hygieneartikler", "Bind og tamponger"], "title": "Libresse Truseinnlegg X-tra Long", "price": 36.4, "product_variant": "20 stk", "quantity_info": [[20.0, "stk"]], "image_url": "/media/uploads/public/60/159/969759-31777-product_list.jpg", "unit_price_raw": "kr 1,82 per stk", "product_url": "https://kolonial.no/produkter/13042-libresse-libresse-truseinnlegg-x-tra-long-22stk/", "kolonial_id": "13042"},
  {"category": "Nikotinprodukter", "category_list": ["Alle varer", "Legemidler og helsekost", "Nikotinprodukter"], "title": "Nicorette Tyggegummi Fruitmint", "price": 196.6, "product_variant": "2mg, 105 stk", "quantity_info": [[2.0, "mg"], [105.0, "stk"]], "image_url": "/media/uploads/public/57/159/966959-ee5b9-product_list.jpg", "unit_price_raw": "kr 1,87 per stk", "product_url": "https://kolonial.no/produkter/15522-nicorette-nicorette-tyggegummi-fruitmint-2mg/", "kolonial_id": "15522"},
  {"category": "Kluter, svamper og hansker", "category_list": ["Alle varer", "T\u00f8rkepapir og vaskemidler", "Kluter, svamper og hansker"], "title": "Superklut", "price": 40.0, "product_variant": "Tilfeldig m\u00f8nster, 2 stk", "quantity_info": [[2.0, "stk"]], "image_url": "/media/uploads/public/123/286/968286-daa2d-product_list.jpg", "unit_price_raw": "kr 20,00 per stk", "product_url": "https://kolonial.no/produkter/14431-jordan-superklut-tilfeldig-monster-2stk/", "kolonial_id": "14431"},
  {"category": "Shampo og h\u00e5rprodukter", "category_list": ["Alle varer", "Shampo, s\u00e5pe og krem", "Shampo og h\u00e5rprodukter"], "title": "Shampoo", "price": 60.8, "product_variant": "Weightless shine, 250 ml", "quantity_info": [[250.0, "ml"]], "image_url": "/media/uploads/public/308/357/996357-53db8-product_list.jpg", "unit_price_raw": "kr 243,20 per l", "product_url": "https://kolonial.no/produkter/892-define-shampoo-weightless-shine/", "kolonial_id": "892"},
  {"category": "Krem", "category_list": ["Alle varer", "Shampo, s\u00e5pe og krem", "Krem"], "title": "Antirynkekrem Q10", "price": 93.8, "product_variant": "50 ml", "quantity_info": [[50.0, "ml"]], "image_url": "/media/uploads/public/306/160/967360-2fb26-product_list.jpg", "unit_price_raw": "kr 1876,00 per l", "product_url": "https://kolonial.no/produkter/15576-nivea-antirynkekrem-q10/", "kolonial_id": "15576"},
  {"category": "Krem", "category_list": ["Alle varer", "Shampo, s\u00e5pe og krem", "Krem"], "title": "Q10 Nattkrem Antirynker", "price": 123.6, "product_variant": "50 ml", "quantity_info": [[50.0, "ml"]], "image_url": "/media/uploads/public/112/261/968661-25ac6-product_list.jpg", "unit_price_raw": "kr 2472,00 per l", "product_url": "https://kolonial.no/produkter/16152-nivea-q10-nattkrem-antirynker/", "kolonial_id": "16152"},
  {"category": "Gulost", "category_list": ["Alle varer", "Oster", "Gulost"], "title": "Jarlsberg Vellagret", "price": 94.6, "product_variant": "ca. 520 g", "quantity_info": [[520.0, "g"]], "image_url": "/media/uploads/public/136/60/973260-68bb6-product_list.jpg", "unit_price_raw": "kr 181,92 per kg", "product_url": "https://kolonial.no/produkter/8234-tine-jarlsberg-vellagret/", "kolonial_id": "8234"},
  {"category": "Oppvask", "category_list": ["Alle varer", "T\u00f8rkepapir og vaskemidler", "Oppvask"], "title": "Maskinrens", "price": 93.0, "product_variant": "3 stk, 120 g", "quantity_info": [[3.0, "stk"], [120.0, "g"]], "image_url": "/media/uploads/public/96/23/964823-8f408-product_list.jpg", "unit_price_raw": "kr 775,00 per kg", "product_url": "https://kolonial.no/produkter/643-sun-maskinrens-3-stk/", "kolonial_id": "643"},
  {"category": "Fiskekaker", "category_list": ["Alle varer", "Fisk og sj\u00f8mat", "Fiskekaker"], "title": "Spr\u00f8bakt Torskefilet", "price": 62.6, "product_variant": "300 g", "quantity_info": [[300.0, "g"]], "image_url": "/media/uploads/public/0/133/46933-4a382-product_list.jpg", "unit_price_raw": "kr 208,67 per kg", "product_url": "https://kolonial.no/produkter/16470-fiskcentralen-sprobakt-torskefilet-300g/", "kolonial_id": "16470"},
  {"category": "Fiskekaker", "category_list": ["Alle varer", "Fisk og sj\u00f8mat", "Fiskekaker"], "title": "Sei Cordon Bleu", "price": 49.5, "product_variant": "270 g", "quantity_info": [[270.0, "g"]], "image_url": "/media/uploads/public/0/130/46930-addd9-product_list.jpg", "unit_price_raw": "kr 183,33 per kg", "product_url": "https://kolonial.no/produkter/16473-fiskcentralen-sei-cordon-bleu/", "kolonial_id": "16473"},
  {"category": "Fryst pizza", "category_list": ["Alle varer", "Pizza og taco", "Fryst pizza"], "title": "Big One Double Pepperoni", "price": 83.5, "product_variant": "570 g", "quantity_info": [[570.0, "g"]], "image_url": "/media/uploads/public/384/291/1007891-31136-product_list.jpg", "unit_price_raw": "kr 146,49 per kg", "product_url": "https://kolonial.no/produkter/4279-big-one-big-one-double-pepperoni/", "kolonial_id": "4279"},
  {"category": "Tannpleie", "category_list": ["Alle varer", "Hygieneartikler", "Tannpleie"], "title": "Solidox Hvite Tenner", "price": 36.8, "product_variant": "75 ml", "quantity_info": [[75.0, "ml"]], "image_url": "/media/uploads/public/61/72/964872-74cb4-product_list.jpg", "unit_price_raw": "kr 490,67 per l", "product_url": "https://kolonial.no/produkter/395-solidox-solidox-hvite-tenner-75ml/", "kolonial_id": "395"},
  {"category": "Vaskemidler", "category_list": ["Alle varer", "T\u00f8rkepapir og vaskemidler", "Vaskemidler"], "title": "Baderomsspray", "price": 21.6, "product_variant": "500 ml", "quantity_info": [[500.0, "ml"]], "image_url": "/media/uploads/public/364/362/996362-3c0ce-product_list.jpg", "unit_price_raw": "kr 43,20 per l", "product_url": "https://kolonial.no/produkter/8562-rema-1000-baderomsspray-500ml/", "kolonial_id": "8562"},
  {"category": "Skalldyr", "category_list": ["Alle varer", "Fisk og sj\u00f8mat", "Skalldyr"], "title": "Villreker med Hvitl\u00f8k", "price": 99.0, "product_variant": "Fiskeriet, \n                            \n\n                            500 g", "quantity_info": [[500.0, "g"]], "image_url": "/media/uploads/public/246/127/296127-132d9-product_list_large.jpg", "unit_price_raw": "kr 198,00 per kg", "product_url": "https://kolonial.no/produkter/25297-fiskeriet-villreker-med-hvitlok/", "kolonial_id": "25297"},
  {"category": "Skalldyr", "category_list": ["Alle varer", "Fisk og sj\u00f8mat", "Skalldyr"], "title": "Ekstra Store Fryste Reker", "price": 899.0, "product_variant": "Str 50/70, 5 kg", "quantity_info": [[50.0, ""], [70.5, "kg"]], "image_url": "/media/uploads/public/174/218/979418-102d1-product_list_large.jpg", "unit_price_raw": "kr 179,80 per kg", "product_url": "https://kolonial.no/produkter/19303-ekstra-store-fryste-reker-str-5070/", "kolonial_id": "19303"},
  {"category": "Frossen fisk og sj\u00f8mat", "category_list": ["Alle varer", "Fisk og sj\u00f8mat", "Frossen fisk og sj\u00f8mat"], "title": "Fiskegrateng god gammeldags", "price": 52.8, "product_variant": "510 g", "quantity_info": [[510.0, "g"]], "image_url": "/media/uploads/public/146/388/969988-c6d55-product_list.jpg", "unit_price_raw": "kr 103,53 per kg", "product_url": "https://kolonial.no/produkter/243-findus-fiskegrateng-god-gammeldags-500g/", "kolonial_id": "243"},
  {"category": "Revet ost", "category_list": ["Alle varer", "Oster", "Revet ost"], "title": "Gulost Revet \u00d8konomi", "price": 50.5, "product_variant": "500 g", "quantity_info": [[500.0, "g"]], "image_url": "/media/uploads/public/123/132/511732-28d3d-product_list.jpg", "unit_price_raw": "kr 101,00 per kg", "product_url": "https://kolonial.no/produkter/26288-prima-gulost-revet-okonomi/", "kolonial_id": "26288"},
  {"category": "Baketilbeh\u00f8r", "category_list": ["Alle varer", "Mel og bakeingredienser", "Baketilbeh\u00f8r"], "title": "Kokesjokolade 70%", "price": 30.7, "product_variant": "100 g", "quantity_info": [[100.0, "g"]], "image_url": "/media/uploads/public/194/380/967580-4d3f0-product_list.jpg", "unit_price_raw": "kr 307,00 per kg", "product_url": "https://kolonial.no/produkter/12532-freia-kokesjokolade-70-100g/", "kolonial_id": "12532"},
  {"category": "Baketilbeh\u00f8r", "category_list": ["Alle varer", "Mel og bakeingredienser", "Baketilbeh\u00f8r"], "title": "Dronning Sjokolade", "price": 19.9, "product_variant": "Kokesjokolade, 100 g", "quantity_info": [[100.0, "g"]], "image_url": "/media/uploads/public/251/134/964534-296fe-product_list.jpg", "unit_price_raw": "kr 199,00 per kg", "product_url": "https://kolonial.no/produkter/841-freia-dronning-sjokolade-kokesjokolade/", "kolonial_id": "841"},
  {"category": "Ferske br\u00f8d", "category_list": ["Alle varer", "Br\u00f8d og frokostblandinger", "Ferske br\u00f8d"], "title": "Havrebr\u00f8d", "price": 30.9, "product_variant": "Ferskt, 770 g", "quantity_info": [[770.0, "g"]], "image_url": "/media/uploads/public/119/381/659181-49a2a-product_list.jpg", "unit_price_raw": "kr 40,13 per kg", "product_url": "https://kolonial.no/produkter/27143-brodverket-havrebrod/", "kolonial_id": "27143"},
  {"category": "Ferske br\u00f8d", "category_list": ["Alle varer", "Br\u00f8d og frokostblandinger", "Ferske br\u00f8d"], "title": "Havrebr\u00f8d", "price": 38.9, "product_variant": "Oppsk\u00e5ret, 770 g", "quantity_info": [[770.0, "g"]], "image_url": "/media/uploads/public/265/385/659185-3729c-product_list.jpg", "unit_price_raw": "kr 50,52 per kg", "product_url": "https://kolonial.no/produkter/27145-brodverket-havrebrod-skaret-ferskt/", "kolonial_id": "27145"},
  {"category": "Hermetisert sj\u00f8mat", "category_list": ["Alle varer", "Fisk og sj\u00f8mat", "Hermetisert sj\u00f8mat"], "title": "Sm\u00e5 Reker I Lake", "price": 83.5, "product_variant": "400 g", "quantity_info": [[400.0, "g"]], "image_url": "/media/uploads/public/277/164/966564-56e95-product_list.jpg", "unit_price_raw": "kr 208,75 per kg", "product_url": "https://kolonial.no/produkter/4957-godehav-sma-reker-i-lake-400g/", "kolonial_id": "4957"},
  {"category": "Klesvask", "category_list": ["Alle varer", "T\u00f8rkepapir og vaskemidler", "Klesvask"], "title": "Omo Color", "price": 43.0, "product_variant": "Flytende Refill, 490 ml", "quantity_info": [[490.0, "ml"]], "image_url": "/media/uploads/public/237/223/967823-b69e8-product_list.jpg", "unit_price_raw": "kr 87,76 per l", "product_url": "https://kolonial.no/produkter/7093-omo-omo-color-xpert-flytende-refill-490ml/", "kolonial_id": "7093"},
  {"category": "R\u00f8kt og gravet fisk", "category_list": ["Alle varer", "Fisk og sj\u00f8mat", "R\u00f8kt og gravet fisk"], "title": "R\u00f8kt Laks i Skiver", "price": 103.9, "product_variant": "250 g", "quantity_info": [[250.0, "g"]], "image_url": "/media/uploads/public/117/161/142161-5a353-product_list.jpg", "unit_price_raw": "kr 415,60 per kg", "product_url": "https://kolonial.no/produkter/24249-troll-salmon-rokt-laks-i-skiver/", "kolonial_id": "24249"},
  {"category": "R\u00f8kt og gravet fisk", "category_list": ["Alle varer", "Fisk og sj\u00f8mat", "R\u00f8kt og gravet fisk"], "title": "R\u00f8kt \u00d8rret i Skiver", "price": 83.3, "product_variant": "200 g", "quantity_info": [[200.0, "g"]], "image_url": "/media/uploads/public/324/157/142157-fc9a4-product_list.jpg", "unit_price_raw": "kr 416,50 per kg", "product_url": "https://kolonial.no/produkter/24254-troll-salmon-rokt-orret-i-skiver/", "kolonial_id": "24254"},
  {"category": "Fersk fisk", "category_list": ["Alle varer", "Fisk og sj\u00f8mat", "Fersk fisk"], "title": "\u00d8rretfilet med Skinn", "price": 109.0, "product_variant": "Domstein, \n                            \n\n                            Fersk, ca. 400 g", "quantity_info": [[400.0, "g"]], "image_url": "/media/uploads/public/238/359/152759-b3a27-product_list_large.jpg", "unit_price_raw": "kr 272,50 per kg", "product_url": "https://kolonial.no/produkter/24890-domstein-orretfilet-med-skinn-superfersk/", "kolonial_id": "24890"},
  {"category": "Oljer og dressinger", "category_list": ["Alle varer", "Olje og krydder", "Oljer og dressinger"], "title": "Hellstr\u00f8m Ekstra Virgin Olivenolje", "price": 144.2, "product_variant": "0,5 l", "quantity_info": [[0.5, "l"]], "image_url": "/media/uploads/public/72/137/132937-b6ea9-product_list.jpg", "unit_price_raw": "kr 288,40 per l", "product_url": "https://kolonial.no/produkter/23624-hellstrom-ekstra-virgin-olivenolje/", "kolonial_id": "23624"},
  {"category": "Ferdigmikser", "category_list": ["Alle varer", "Mel og bakeingredienser", "Ferdigmikser"], "title": "Grove Vafler", "price": 26.1, "product_variant": "224 g", "quantity_info": [[224.0, "g"]], "image_url": "/media/uploads/public/52/103/973303-d65d0-product_list.jpg", "unit_price_raw": "kr 116,52 per kg", "product_url": "https://kolonial.no/produkter/27348-toro-grove-vafler/", "kolonial_id": "27348"},
  {"category": "Ferdigmikser", "category_list": ["Alle varer", "Mel og bakeingredienser", "Ferdigmikser"], "title": "Vafler", "price": 12.0, "product_variant": "246 g", "quantity_info": [[246.0, "g"]], "image_url": "/media/uploads/public/296/241/967841-854db-product_list.jpg", "unit_price_raw": "kr 48,78 per kg", "product_url": "https://kolonial.no/produkter/5-toro-vafler-250g/", "kolonial_id": "5"},
  {"category": "Tyggis og pastiller", "category_list": ["Alle varer", "Snacks og godteri", "Tyggis og pastiller"], "title": "Frisk Eucalyptus Menthol", "price": 39.5, "product_variant": "1 stk", "quantity_info": [[1.0, "stk"]], "image_url": "/media/uploads/public/61/65/985265-53422-product_list.jpg", "unit_price_raw": "kr 39,50 per stk", "product_url": "https://kolonial.no/produkter/17827-frisk-eucalyptus-menthol/", "kolonial_id": "17827"},
  {"category": "Storfe", "category_list": ["Alle varer", "Kj\u00f8tt og kylling", "Storfe"], "title": "Oksebryst Uten Ben", "price": 120.0, "product_variant": "Str\u00f8m-Larsen, 600 g", "quantity_info": [[600.0, "g"]], "image_url": "/media/uploads/public/0/326/67126-bc3eb-product_list.jpg", "unit_price_raw": "kr 200,00 per kg", "product_url": "https://kolonial.no/produkter/18451-strom-larsen-oksebryst-uten-ben-strom-larsen/", "kolonial_id": "18451"},
  {"category": "Storfe", "category_list": ["Alle varer", "Kj\u00f8tt og kylling", "Storfe"], "title": "Okse Bibringe", "price": 90.9, "product_variant": "Str\u00f8m-Larsen, 600 g", "quantity_info": [[600.0, "g"]], "image_url": "/media/uploads/public/0/329/67129-fd20c-product_list.jpg", "unit_price_raw": "kr 151,50 per kg", "product_url": "https://kolonial.no/produkter/18436-strom-larsen-okse-bibringe-strom-larsen/", "kolonial_id": "18436"},
  {"category": "Potter og Vaser", "category_list": ["Alle varer", "Blomster og planter", "Potter og Vaser"], "title": "Vase Rund 20cm", "price": 100.0, "product_variant": "1 stk", "quantity_info": [[1.0, "stk"]], "image_url": "/media/uploads/public/197/229/1003429-1eadf-product_list.jpg", "unit_price_raw": "kr 100,00 per stk", "product_url": "https://kolonial.no/produkter/28008-vase-rund-20cm-1-stk/", "kolonial_id": "28008"},
  {"category": "P\u00f8lsebr\u00f8d, hamburgerbr\u00f8d og boller", "category_list": ["Alle varer", "Br\u00f8d og frokostblandinger", "P\u00f8lsebr\u00f8d, hamburgerbr\u00f8d og boller"], "title": "Store H\u00f8vding P\u00f8lsebr\u00f8d", "price": 26.9, "product_variant": "12stk, 600 g", "quantity_info": [[12.0, "stk"], [600.0, "g"]], "image_url": "/media/uploads/public/226/366/971966-e4063-product_list.jpg", "unit_price_raw": "kr 44,83 per kg", "product_url": "https://kolonial.no/produkter/4198-hatting-store-hovding-polsebrod-12stk/", "kolonial_id": "4198"},
  {"category": "Frokostblandinger og gryn", "category_list": ["Alle varer", "Br\u00f8d og frokostblandinger", "Frokostblandinger og gryn"], "title": "Corn flakes", "price": 15.8, "product_variant": "750 g", "quantity_info": [[750.0, "g"]], "image_url": "/media/uploads/public/392/399/969199-5fefc-product_list.jpg", "unit_price_raw": "kr 21,07 per kg", "product_url": "https://kolonial.no/produkter/8702-rema-1000-cornflakes-750g/", "kolonial_id": "8702"},
  {"category": "Frokostblandinger og gryn", "category_list": ["Alle varer", "Br\u00f8d og frokostblandinger", "Frokostblandinger og gryn"], "title": "Corn Flakes", "price": 35.8, "product_variant": "600 g", "quantity_info": [[600.0, "g"]], "image_url": "/media/uploads/public/201/340/969940-599f3-product_list.jpg", "unit_price_raw": "kr 59,67 per kg", "product_url": "https://kolonial.no/produkter/5935-kelloggs-corn-flakes-600g/", "kolonial_id": "5935"},
  {"category": "Bursdag", "category_list": ["Alle varer", "Barneprodukter", "Bursdag"], "title": "Godteposer Bl\u00e5", "price": 52.4, "product_variant": "8 stk", "quantity_info": [[8.0, "stk"]], "image_url": "/media/uploads/public/235/20/130420-3082c-product_list.jpg", "unit_price_raw": "kr 6,55 per stk", "product_url": "https://kolonial.no/produkter/23565-festligeting-godteposer-bla/", "kolonial_id": "23565"},
  {"category": "Frosne br\u00f8d og rundstykker", "category_list": ["Alle varer", "Br\u00f8d og frokostblandinger", "Frosne br\u00f8d og rundstykker"], "title": "Veggen Spelt", "price": 42.4, "product_variant": "7 stk, 420 g", "quantity_info": [[7.0, "stk"], [420.0, "g"]], "image_url": "/media/uploads/public/108/176/969776-6cd10-product_list.jpg", "unit_price_raw": "kr 100,95 per kg", "product_url": "https://kolonial.no/produkter/19255-hatting-veggen-spelt-7-stk/", "kolonial_id": "19255"},
  {"category": "Smokker og t\u00e5teflasker", "category_list": ["Alle varer", "Barneprodukter", "Smokker og t\u00e5teflasker"], "title": "Avent Flaskesmokk", "price": 54.5, "product_variant": "Fra 6 mnd, 2 stk", "quantity_info": [[6.0, "mnd"], [2.0, "stk"]], "image_url": "/media/uploads/public/188/285/967885-9d893-product_list.jpg", "unit_price_raw": "kr 27,25 per stk", "product_url": "https://kolonial.no/produkter/14128-philips-avent-flaskesmokk-fra-6-mnd-2stk/", "kolonial_id": "14128"},
  {"category": "Smokker og t\u00e5teflasker", "category_list": ["Alle varer", "Barneprodukter", "Smokker og t\u00e5teflasker"], "title": "T\u00e5teflaske", "price": 78.0, "product_variant": "Avent, 260 ml", "quantity_info": [[260.0, "ml"]], "image_url": "/media/uploads/public/399/223/972623-1e50b-product_list.jpg", "unit_price_raw": "kr 300,00 per l", "product_url": "https://kolonial.no/produkter/14131-philips-tateflaske-avent-260ml/", "kolonial_id": "14131"},
  {"category": "Supper", "category_list": ["Alle varer", "Middager og tilbeh\u00f8r", "Supper"], "title": "Thaisuppe Chunky", "price": 43.5, "product_variant": "475 g", "quantity_info": [[475.0, "g"]], "image_url": "/media/uploads/public/205/101/973301-1bd93-product_list.jpg", "unit_price_raw": "kr 91,58 per kg", "product_url": "https://kolonial.no/produkter/27346-toro-thaisuppe-chunky/", "kolonial_id": "27346"},
  {"category": "Knekkebr\u00f8d", "category_list": ["Alle varer", "Br\u00f8d og frokostblandinger", "Knekkebr\u00f8d"], "title": "Knakkebr\u00f8d Runda Sesam & Havsalt", "price": 41.9, "product_variant": "290 g", "quantity_info": [[290.0, "g"]], "image_url": "/media/uploads/public/218/340/973540-54a00-product_list.jpg", "unit_price_raw": "kr 144,48 per kg", "product_url": "https://kolonial.no/produkter/27481-wasa-knakkebrod-runda-sesam-havsalt/", "kolonial_id": "27481"},
  {"category": "Langtidsholdbare br\u00f8d", "category_list": ["Alle varer", "Br\u00f8d og frokostblandinger", "Langtidsholdbare br\u00f8d"], "title": "Mykt Tynnbr\u00f8d Rug", "price": 38.9, "product_variant": "375 g", "quantity_info": [[375.0, "g"]], "image_url": "/media/uploads/public/389/72/967672-24c22-product_list.jpg", "unit_price_raw": "kr 103,73 per kg", "product_url": "https://kolonial.no/produkter/23944-polarbrod-mykt-tynnbrod-rug/", "kolonial_id": "23944"},
  {"category": "V\u00e5tservietter og s\u00e5pe", "category_list": ["Alle varer", "Barneprodukter", "V\u00e5tservietter og s\u00e5pe"], "title": "Sensitive wipes", "price": 54.6, "product_variant": "4 pk, 224 stk", "quantity_info": [[4.0, "pk"], [224.0, "stk"]], "image_url": "/media/uploads/public/137/391/998791-b275d-product_list.jpg", "unit_price_raw": "kr 0,24 per stk", "product_url": "https://kolonial.no/produkter/791-pampers-sensitive-wipes-4-pk/", "kolonial_id": "791"},
  {"category": "V\u00e5tservietter og s\u00e5pe", "category_list": ["Alle varer", "Barneprodukter", "V\u00e5tservietter og s\u00e5pe"], "title": "V\u00e5tservietter Baby", "price": 14.4, "product_variant": "72 stk", "quantity_info": [[72.0, "stk"]], "image_url": "/media/uploads/public/226/48/972448-d5004-product_list.jpg", "unit_price_raw": "kr 0,20 per stk", "product_url": "https://kolonial.no/produkter/8636-prima-vatservietter-baby/", "kolonial_id": "8636"},
  {"category": "Pasta og nudler", "category_list": ["Alle varer", "Middager og tilbeh\u00f8r", "Pasta og nudler"], "title": "Spaghetti nr 3", "price": 36.0, "product_variant": "500 g", "quantity_info": [[500.0, "g"]], "image_url": "/media/uploads/public/59/249/131049-7e0ae-product_list.jpg", "unit_price_raw": "kr 72,00 per kg", "product_url": "https://kolonial.no/produkter/23574-rummo-spaghetti-nr-3/", "kolonial_id": "23574"},
  {"category": "Pasta og nudler", "category_list": ["Alle varer", "Middager og tilbeh\u00f8r", "Pasta og nudler"], "title": "Spaghetti alla Chitarra", "price": 36.0, "product_variant": "500 g", "quantity_info": [[500.0, "g"]], "image_url": "/media/uploads/public/209/247/131047-31167-product_list.jpg", "unit_price_raw": "kr 72,00 per kg", "product_url": "https://kolonial.no/produkter/23576-rummo-spaghetti-alla-chitarra/", "kolonial_id": "23576"},
  {"category": "Batterier", "category_list": ["Alle varer", "Husholdning og tekstil", "Batterier"], "title": "Batterier LR 14 1V", "price": 28.8, "product_variant": "Alkaliske, 2 stk", "quantity_info": [[2.0, "stk"]], "image_url": "/media/uploads/public/72/59/296059-7596a-product_list.jpg", "unit_price_raw": "kr 14,40 per stk", "product_url": "https://kolonial.no/produkter/25439-soft-style-batterier-lr-14-1v-alkaliske/", "kolonial_id": "25439"},
  {"category": "Hermetisert frukt og gr\u00f8nt", "category_list": ["Alle varer", "Frukt og gr\u00f8nt", "Hermetisert frukt og gr\u00f8nt"], "title": "Solt\u00f8rkede Tomater", "price": 25.3, "product_variant": "280 g", "quantity_info": [[280.0, "g"]], "image_url": "/media/uploads/public/127/216/966216-d5326-product_list.jpg", "unit_price_raw": "kr 90,36 per kg", "product_url": "https://kolonial.no/produkter/8630-rema-1000-soltorkede-tomater-280g/", "kolonial_id": "8630"},
  {"category": "Hermetisert frukt og gr\u00f8nt", "category_list": ["Alle varer", "Frukt og gr\u00f8nt", "Hermetisert frukt og gr\u00f8nt"], "title": "Mais", "price": 30.8, "product_variant": "3x160g, 480 g", "quantity_info": [[3.0, "x"], [160.0, "g"], [480.0, "g"]], "image_url": "/media/uploads/public/388/225/973425-d7c72-product_list.jpg", "unit_price_raw": "kr 64,17 per kg", "product_url": "https://kolonial.no/produkter/11446-green-giant-mais-3x160g/", "kolonial_id": "11446"},
  {"category": "Diverse husholdning", "category_list": ["Alle varer", "Husholdning og tekstil", "Diverse husholdning"], "title": "Maurpulver", "price": 134.8, "product_variant": "250 g", "quantity_info": [[250.0, "g"]], "image_url": "/media/uploads/public/317/153/970553-f4879-product_list.jpg", "unit_price_raw": "kr 539,20 per kg", "product_url": "https://kolonial.no/produkter/21829-raid-maurpulver/", "kolonial_id": "21829"},
  {"category": "Undert\u00f8y", "category_list": ["Alle varer", "Husholdning og tekstil", "Undert\u00f8y"], "title": "Cotton Boxer Black", "price": 109.0, "product_variant": "X-Large, 1 stk", "quantity_info": [[1.0, "stk"]], "image_url": "/media/uploads/public/0/145/15745-8f647-product_list.jpg", "unit_price_raw": "kr 109,00 per stk", "product_url": "https://kolonial.no/produkter/11110-pierre-robert-cotton-boxer-black-x-large/", "kolonial_id": "11110"},
  {"category": "Kj\u00f8ttdeig og karbonadedeig", "category_list": ["Alle varer", "Kj\u00f8tt og kylling", "Kj\u00f8ttdeig og karbonadedeig"], "title": "Kj\u00f8ttdeig \u00d8kologisk", "price": 90.9, "product_variant": "Str\u00f8m-Larsen, 400 g", "quantity_info": [[400.0, "g"]], "image_url": "/media/uploads/public/0/142/40542-630c9-product_list.jpg", "unit_price_raw": "kr 227,25 per kg", "product_url": "https://kolonial.no/produkter/15250-strom-larsen-kjottdeig-okologisk-strom-larsen/", "kolonial_id": "15250"},
  {"category": "Urter og spirer", "category_list": ["Alle varer", "Frukt og gr\u00f8nt", "Urter og spirer"], "title": "Spiremix, Spicymix av Brocolli, Reddik, Kl\u00f8ver", "price": 25.9, "product_variant": "Norge, 50 g", "quantity_info": [[50.0, "g"]], "image_url": "/media/uploads/public/53/291/622291-2c7ef-product_list.jpg", "unit_price_raw": "kr 518,00 per kg", "product_url": "https://kolonial.no/produkter/26464-spiremix-spicymix-av-brocolli-reddik-klover-norge/", "kolonial_id": "26464"},
  {"category": "Svin", "category_list": ["Alle varer", "Kj\u00f8tt og kylling", "Svin"], "title": "Nakkekoteletter", "price": 42.0, "product_variant": "ca. 950 g", "quantity_info": [[950.0, "g"]], "image_url": "/media/uploads/public/0/396/8396-4ad33-product_list.jpg", "unit_price_raw": "kr 44,21 per kg", "product_url": "https://kolonial.no/produkter/3886-best-pris-nakkekoteletter/", "kolonial_id": "3886"},
  {"category": "Svin", "category_list": ["Alle varer", "Kj\u00f8tt og kylling", "Svin"], "title": "Strimlet Svinekj\u00f8tt", "price": 37.8, "product_variant": "500 g", "quantity_info": [[500.0, "g"]], "image_url": "/media/uploads/public/160/212/156612-5958e-product_list.jpg", "unit_price_raw": "kr 75,60 per kg", "product_url": "https://kolonial.no/produkter/3913-nordfjord-strimlet-svinekjott-500g/", "kolonial_id": "3913"},
  {"category": "Ferdige middagsretter", "category_list": ["Alle varer", "Middager og tilbeh\u00f8r", "Ferdige middagsretter"], "title": "Kylling Gr\u00f8nnCurry", "price": 129.0, "product_variant": "Fiks ferdig, 2 Porsjoner, 800 g", "quantity_info": [[2.0, "Porsjoner"], [800.0, "g"]], "image_url": "/media/uploads/public/227/283/991483-34965-product_list.jpg", "unit_price_raw": "kr 161,25 per kg", "product_url": "https://kolonial.no/produkter/28003-gastro-kitchen-kylling-gronncurry-fersk-ferdig-mid/", "kolonial_id": "28003"},
  {"category": "Ferdige middagsretter", "category_list": ["Alle varer", "Middager og tilbeh\u00f8r", "Ferdige middagsretter"], "title": "Linsegryte", "price": 99.0, "product_variant": "Fiks ferdig, 2 Porsjoner, 800 g", "quantity_info": [[2.0, "Porsjoner"], [800.0, "g"]], "image_url": "/media/uploads/public/348/162/993362-a7205-product_list.jpg", "unit_price_raw": "kr 123,75 per kg", "product_url": "https://kolonial.no/produkter/28001-gastro-kitchen-linsegryte/", "kolonial_id": "28001"},
  {"category": "Ferdigsauser", "category_list": ["Alle varer", "Middager og tilbeh\u00f8r", "Ferdigsauser"], "title": "Aioli Kremet", "price": 32.0, "product_variant": "230 ml", "quantity_info": [[230.0, "ml"]], "image_url": "/media/uploads/public/113/121/972521-44312-product_list.jpg", "unit_price_raw": "kr 139,13 per l", "product_url": "https://kolonial.no/produkter/20917-lohmanders-aioli-kremet/", "kolonial_id": "20917"},
  {"category": "P\u00f8lser", "category_list": ["Alle varer", "Kj\u00f8tt og kylling", "P\u00f8lser"], "title": "Bratwurst-Knacker", "price": 34.9, "product_variant": "250 g", "quantity_info": [[250.0, "g"]], "image_url": "/media/uploads/public/361/259/368259-e4483-product_list.jpg", "unit_price_raw": "kr 139,60 per kg", "product_url": "https://kolonial.no/produkter/17887-finsbraten-bratwurst-knacker/", "kolonial_id": "17887"},
  {"category": "Kontor", "category_list": ["Alle varer", "Husholdning og tekstil", "Kontor"], "title": "Trykkblyant", "price": 21.5, "product_variant": "0.7, 1 stk", "quantity_info": [[0.0, ""], [7.1, "stk"]], "image_url": "/media/uploads/public/383/225/146225-e964c-product_list.jpg", "unit_price_raw": "kr 21,50 per stk", "product_url": "https://kolonial.no/produkter/24449-trykkblyant-07/", "kolonial_id": "24449"},
  {"category": "Fr\u00f8, n\u00f8tter og t\u00f8rket frukt", "category_list": ["Alle varer", "Frukt og gr\u00f8nt", "Fr\u00f8, n\u00f8tter og t\u00f8rket frukt"], "title": "Cashew Mosambik", "price": 60.8, "product_variant": "160 g", "quantity_info": [[160.0, "g"]], "image_url": "/media/uploads/public/213/169/970969-6a919-product_list.jpg", "unit_price_raw": "kr 380,00 per kg", "product_url": "https://kolonial.no/produkter/12994-den-lille-nottefabrikken-cashew-mosambik-160g/", "kolonial_id": "12994"},
  {"category": "Fr\u00f8, n\u00f8tter og t\u00f8rket frukt", "category_list": ["Alle varer", "Frukt og gr\u00f8nt", "Fr\u00f8, n\u00f8tter og t\u00f8rket frukt"], "title": "Valn\u00f8tter", "price": 41.4, "product_variant": "Uten salt, 125 g", "quantity_info": [[125.0, "g"]], "image_url": "/media/uploads/public/335/87/970087-b1419-product_list.jpg", "unit_price_raw": "kr 331,20 per kg", "product_url": "https://kolonial.no/produkter/20839-den-lille-nottefabrikken-valnotter-uten-salt/", "kolonial_id": "20839"},
  {"category": "Kj\u00f8ttboller og karbonader", "category_list": ["Alle varer", "Kj\u00f8tt og kylling", "Kj\u00f8ttboller og karbonader"], "title": "Pannestekte karbonader", "price": 49.0, "product_variant": "600 g", "quantity_info": [[600.0, "g"]], "image_url": "/media/uploads/public/98/344/826744-9bdfd-product_list.jpg", "unit_price_raw": "kr 81,67 per kg", "product_url": "https://kolonial.no/produkter/16768-rema-1000-pannestekte-karbonader/", "kolonial_id": "16768"},
  {"category": "Kj\u00f8ttboller og karbonader", "category_list": ["Alle varer", "Kj\u00f8tt og kylling", "Kj\u00f8ttboller og karbonader"], "title": "Karbonadekaker", "price": 82.9, "product_variant": "Ca 9 stk", "quantity_info": [[9.0, "stk"]], "image_url": "/media/uploads/public/37/2/972402-e5296-product_list.jpg", "unit_price_raw": "kr 102,35 per kg", "product_url": "https://kolonial.no/produkter/8272-gilde-karbonadekaker-ca-9-stk/", "kolonial_id": "8272"},
  {"category": "Kj\u00f8kkenredskap", "category_list": ["Alle varer", "Husholdning og tekstil", "Kj\u00f8kkenredskap"], "title": "Skreller Fast Blad", "price": 35.6, "product_variant": "1 stk", "quantity_info": [[1.0, "stk"]], "image_url": "/media/uploads/public/0/286/45886-2536f-product_list.jpg", "unit_price_raw": "kr 35,60 per stk", "product_url": "https://kolonial.no/produkter/14782-skreller-fast-blad/", "kolonial_id": "14782"},
  {"category": "Kj\u00f8kkenredskap", "category_list": ["Alle varer", "Husholdning og tekstil", "Kj\u00f8kkenredskap"], "title": "Slikkepott", "price": 37.4, "product_variant": "1 stk", "quantity_info": [[1.0, "stk"]], "image_url": "/media/uploads/public/0/310/45910-e352f-product_list.jpg", "unit_price_raw": "kr 37,40 per stk", "product_url": "https://kolonial.no/produkter/14821-slikkepott/", "kolonial_id": "14821"},
  {"category": "Engangs og Servietter", "category_list": ["Alle varer", "Husholdning og tekstil", "Engangs og Servietter"], "title": "Plastskjeer Engangs", "price": 39.4, "product_variant": "100 stk", "quantity_info": [[100.0, "stk"]], "image_url": "/media/uploads/public/0/145/22945-2259a-product_list.jpg", "unit_price_raw": "kr 0,39 per stk", "product_url": "https://kolonial.no/produkter/10508-plastskjeer-engangs-100-stk/", "kolonial_id": "10508"},
  {"category": "Salater og k\u00e5l", "category_list": ["Alle varer", "Frukt og gr\u00f8nt", "Salater og k\u00e5l"], "title": "Knutek\u00e5l", "price": 20.9, "product_variant": "Spania/ Italia, 500 g", "quantity_info": [[500.0, "g"]], "image_url": "/media/uploads/public/359/264/514664-dc7ff-product_list.jpg", "unit_price_raw": "kr 41,80 per kg", "product_url": "https://kolonial.no/produkter/26338-knutekal-norge/", "kolonial_id": "26338"},
  {"category": "Gr\u00f8nnsaker", "category_list": ["Alle varer", "Frukt og gr\u00f8nt", "Gr\u00f8nnsaker"], "title": "Cherrytomater, Gule", "price": 45.9, "product_variant": "Norge, 250 g", "quantity_info": [[250.0, "g"]], "image_url": "/media/uploads/public/0/384/91984-c8697-product_list.jpg", "unit_price_raw": "kr 183,60 per kg", "product_url": "https://kolonial.no/produkter/19705-cherrytomater-gule-norge/", "kolonial_id": "19705"},
  {"category": "Frukt", "category_list": ["Alle varer", "Frukt og gr\u00f8nt", "Frukt"], "title": "Druer Gr\u00f8nne Stenfrie", "price": 27.9, "product_variant": "Kurv, S\u00f8r Afrika, 500 g", "quantity_info": [[500.0, "g"]], "image_url": "/media/uploads/public/0/289/122689-2823e-product_list.jpg", "unit_price_raw": "kr 55,80 per kg", "product_url": "https://kolonial.no/produkter/9260-druer-gronne-kurv-italia/", "kolonial_id": "9260"},
  {"category": "Frukt", "category_list": ["Alle varer", "Frukt og gr\u00f8nt", "Frukt"], "title": "Druer R\u00f8de Stenfrie", "price": 29.9, "product_variant": "Kurv, Spania, 500 g", "quantity_info": [[500.0, "g"]], "image_url": "/media/uploads/public/255/288/122688-94add-product_list.jpg", "unit_price_raw": "kr 59,80 per kg", "product_url": "https://kolonial.no/produkter/9263-druer-rode-stenfrie-kurv-spania/", "kolonial_id": "9263"},
  {"category": "Frossen frukt og gr\u00f8nt", "category_list": ["Alle varer", "Frukt og gr\u00f8nt", "Frossen frukt og gr\u00f8nt"], "title": "Lapskausblanding", "price": 19.8, "product_variant": "800 g", "quantity_info": [[800.0, "g"]], "image_url": "/media/uploads/public/354/151/970951-54a41-product_list.jpg", "unit_price_raw": "kr 24,75 per kg", "product_url": "https://kolonial.no/produkter/8402-rema-1000-lapskausblanding-800g/", "kolonial_id": "8402"},
  {"category": "Middags-kit og gryteretter", "category_list": ["Alle varer", "Middager og tilbeh\u00f8r", "Middags-kit og gryteretter"], "title": "Italiensk gryte", "price": 38.3, "product_variant": "178 g", "quantity_info": [[178.0, "g"]], "image_url": "/media/uploads/public/306/239/965439-5c69d-product_list.jpg", "unit_price_raw": "kr 215,17 per kg", "product_url": "https://kolonial.no/produkter/744-toro-italiensk-gryte/", "kolonial_id": "744"},
  {"category": "Ris og gryn", "category_list": ["Alle varer", "Middager og tilbeh\u00f8r", "Ris og gryn"], "title": "Sushiris", "price": 51.8, "product_variant": "500 g", "quantity_info": [[500.0, "g"]], "image_url": "/media/uploads/public/184/32/818832-abb80-product_list.jpg", "unit_price_raw": "kr 103,60 per kg", "product_url": "https://kolonial.no/produkter/10918-blue-dragon-sushiris-500g/", "kolonial_id": "10918"},
  {"category": "Posesauser", "category_list": ["Alle varer", "Middager og tilbeh\u00f8r", "Posesauser"], "title": "Peppersaus", "price": 34.1, "product_variant": "\u00d8konomipakke, 4 poser, 84 g", "quantity_info": [[4.0, "poser"], [84.0, "g"]], "image_url": "/media/uploads/public/307/305/973105-54d59-product_list.jpg", "unit_price_raw": "kr 405,95 per kg", "product_url": "https://kolonial.no/produkter/6364-toro-peppersaus-okonomipakke-4-poser/", "kolonial_id": "6364"},
  {"category": "Middagstilbeh\u00f8r", "category_list": ["Alle varer", "Middager og tilbeh\u00f8r", "Middagstilbeh\u00f8r"], "title": "Parisersurk\u00e5l Hjemmelaget", "price": 15.4, "product_variant": "450 g", "quantity_info": [[450.0, "g"]], "image_url": "/media/uploads/public/133/197/968997-11826-product_list.jpg", "unit_price_raw": "kr 34,22 per kg", "product_url": "https://kolonial.no/produkter/17242-nora-parisersurkal-hjemmelaget/", "kolonial_id": "17242"},
  {"category": "Lys", "category_list": ["Alle varer", "Husholdning og tekstil", "Lys"], "title": "EcoClassic 28w E14 P45 240v", "price": 41.3, "product_variant": "1 stk", "quantity_info": [[1.0, "stk"]], "image_url": "/media/uploads/public/0/165/115765-40d89-product_list.jpg", "unit_price_raw": "kr 41,30 per stk", "product_url": "https://kolonial.no/produkter/10565-philips-ecoclassic-28w-e14-p45-240v-1-stk/", "kolonial_id": "10565"},
  {"category": "Lys", "category_list": ["Alle varer", "Husholdning og tekstil", "Lys"], "title": "EcoClassic 18w Krone 240v E27", "price": 42.1, "product_variant": "1 stk", "quantity_info": [[1.0, "stk"]], "image_url": "/media/uploads/public/0/214/23014-510dd-product_list.jpg", "unit_price_raw": "kr 42,10 per stk", "product_url": "https://kolonial.no/produkter/10562-philips-ecoclassic-18w-krone-240v-e27-1-stk/", "kolonial_id": "10562"},
  {"category": "Kylling, kalkun og and", "category_list": ["Alle varer", "Kj\u00f8tt og kylling", "Kylling, kalkun og and"], "title": "Kyllingbryst", "price": 69.0, "product_variant": "230 g", "quantity_info": [[230.0, "g"]], "image_url": "/media/uploads/public/354/126/723726-884ad-product_list.jpg", "unit_price_raw": "kr 300,00 per kg", "product_url": "https://kolonial.no/produkter/8795-stanges-gardsprodukter-kyllingbryst/", "kolonial_id": "8795"},
  {"category": "Bacon og tilbeh\u00f8r", "category_list": ["Alle varer", "Kj\u00f8tt og kylling", "Bacon og tilbeh\u00f8r"], "title": "Sm\u00e5rettskinke Strimlet", "price": 40.4, "product_variant": "200 g", "quantity_info": [[200.0, "g"]], "image_url": "/media/uploads/public/276/279/971879-f7899-product_list.jpg", "unit_price_raw": "kr 202,00 per kg", "product_url": "https://kolonial.no/produkter/2536-gilde-smarettskinke-strimlet-200g/", "kolonial_id": "2536"},
  {"category": "Morsmelkerstatning", "category_list": ["Alle varer", "Barneprodukter", "Morsmelkerstatning"], "title": "NAN Pro 4 Juniormelk", "price": 112.5, "product_variant": "Fra 15 mnd, 700 g", "quantity_info": [[15.0, "mnd"], [700.0, "g"]], "image_url": "/media/uploads/public/286/340/965940-b519b-product_list.jpg", "unit_price_raw": "kr 160,71 per kg", "product_url": "https://kolonial.no/produkter/1894-nestle-nan-pro-4-juniormelk-fra-15-mnd/", "kolonial_id": "1894"},
  {"category": "Morsmelkerstatning", "category_list": ["Alle varer", "Barneprodukter", "Morsmelkerstatning"], "title": "NAN Pro 3 Juniormelk Fra 10 mnd", "price": 31.4, "product_variant": "Drikkeklar, 500 ml", "quantity_info": [[500.0, "ml"]], "image_url": "/media/uploads/public/249/370/965970-5731e-product_list.jpg", "unit_price_raw": "kr 62,80 per l", "product_url": "https://kolonial.no/produkter/5560-nestle-nan-pro-3-juniormelk-fra-10-mnd-drikkeklar/", "kolonial_id": "5560"},
  {"category": "Smoothie, yoghurt og mellomm\u00e5ltid", "category_list": ["Alle varer", "Barneprodukter", "Smoothie, yoghurt og mellomm\u00e5ltid"], "title": "Lev Vel Smoothie Skogsb\u00e6r", "price": 12.1, "product_variant": "Fra 6 mnd, 90 g", "quantity_info": [[6.0, "mnd"], [90.0, "g"]], "image_url": "/media/uploads/public/90/310/972310-f71f2-product_list.jpg", "unit_price_raw": "kr 134,44 per kg", "product_url": "https://kolonial.no/produkter/25848-rema-1000-lev-vel-smoothie-skogsbaer-fra-6-mnd/", "kolonial_id": "25848"},
  {"category": "Middagsglass", "category_list": ["Alle varer", "Barneprodukter", "Middagsglass"], "title": "Bestemors Lapskaus", "price": 20.1, "product_variant": "Fra 6 mnd, 195 g", "quantity_info": [[6.0, "mnd"], [195.0, "g"]], "image_url": "/media/uploads/public/212/240/967040-d9165-product_list.jpg", "unit_price_raw": "kr 103,08 per kg", "product_url": "https://kolonial.no/produkter/11227-nestle-bestemors-lapskaus-fra-6-mnd/", "kolonial_id": "11227"},
  {"category": "Julens middagstilbeh\u00f8r", "category_list": ["Alle varer", "Middager og tilbeh\u00f8r", "Julens middagstilbeh\u00f8r"], "title": "Nora Hjemmelagede R\u00f8dk\u00e5l", "price": 20.3, "product_variant": "450 g", "quantity_info": [[450.0, "g"]], "image_url": "/media/uploads/public/340/139/971739-caf3b-product_list.jpg", "unit_price_raw": "kr 45,11 per kg", "product_url": "https://kolonial.no/produkter/24013-nora-nora-hjemmelagede-rodkal/", "kolonial_id": "24013"},
  {"category": "Poser og folie", "category_list": ["Alle varer", "Husholdning og tekstil", "Poser og folie"], "title": "Bakepapir Rull", "price": 29.7, "product_variant": "8 m", "quantity_info": [[8.0, "m"]], "image_url": "/media/uploads/public/246/397/969997-e81da-product_list.jpg", "unit_price_raw": "kr 3,71 per m", "product_url": "https://kolonial.no/produkter/8801-bakepapir-rull/", "kolonial_id": "8801"},
  {"category": "Poser og folie", "category_list": ["Alle varer", "Husholdning og tekstil", "Poser og folie"], "title": "Grillfolie", "price": 22.6, "product_variant": "44cm, 10 m", "quantity_info": [[44.0, "cm"], [10.0, "m"]], "image_url": "/media/uploads/public/265/299/973899-2c83d-product_list.jpg", "unit_price_raw": "kr 2,26 per m", "product_url": "https://kolonial.no/produkter/5272-soft-style-grillfolie-44cm-10m/", "kolonial_id": "5272"},
  {"category": "Rulletobakk", "category_list": ["Alle varer", "Snus og tobakk", "Rulletobakk"], "title": "Tiedemanns R\u00f8d Mix 3", "price": 258.9, "product_variant": "Rulletobakk, 50 g", "quantity_info": [[50.0, "g"]], "image_url": "https://kolonial.no/static/products/img/placeholder.bffcea8d3530.png", "unit_price_raw": "kr 5178,00 per kg", "product_url": "https://kolonial.no/produkter/15843-tiedemanns-tiedemanns-rod-mix-3-rulletobakk-50g/", "kolonial_id": "15843"},
  {"category": "Gr\u00f8t", "category_list": ["Alle varer", "Barneprodukter", "Gr\u00f8t"], "title": "Min Gr\u00f8t God Natt Havre", "price": 69.0, "product_variant": "Fra 6 mnd, 480 g", "quantity_info": [[6.0, "mnd"], [480.0, "g"]], "image_url": "/media/uploads/public/225/120/971320-5a8a4-product_list.jpg", "unit_price_raw": "kr 143,75 per kg", "product_url": "https://kolonial.no/produkter/23403-nestle-min-grot-god-natt-havre-fra-6-mnd/", "kolonial_id": "23403"},
  {"category": "Gr\u00f8t", "category_list": ["Alle varer", "Barneprodukter", "Gr\u00f8t"], "title": "Min Gr\u00f8t God Natt Fullkorn", "price": 66.5, "product_variant": "Fra 8 mnd, 480 g", "quantity_info": [[8.0, "mnd"], [480.0, "g"]], "image_url": "/media/uploads/public/33/178/971378-66088-product_list.jpg", "unit_price_raw": "kr 138,54 per kg", "product_url": "https://kolonial.no/produkter/23401-nestle-min-grot-god-natt-fullkorn-fra-8-mnd/", "kolonial_id": "23401"},
  {"category": "Honning og s\u00f8tp\u00e5legg", "category_list": ["Alle varer", "P\u00e5legg", "Honning og s\u00f8tp\u00e5legg"], "title": "Hap\u00e5", "price": 31.3, "product_variant": "310 g", "quantity_info": [[310.0, "g"]], "image_url": "/media/uploads/public/356/50/965650-9107b-product_list.jpg", "unit_price_raw": "kr 100,97 per kg", "product_url": "https://kolonial.no/produkter/5938-kavli-hapa-310g/", "kolonial_id": "5938"},
  {"category": "Snus", "category_list": ["Alle varer", "Snus og tobakk", "Snus"], "title": "The LaB 05", "price": 92.9, "product_variant": "White Strong, 21,6 g", "quantity_info": [[21.6, "g"]], "image_url": "https://kolonial.no/static/products/img/placeholder.bffcea8d3530.png", "unit_price_raw": "kr 4300,93 per kg", "product_url": "https://kolonial.no/produkter/4081-lab-05-white-strong/", "kolonial_id": "4081"},
  {"category": "Sigaretter", "category_list": ["Alle varer", "Snus og tobakk", "Sigaretter"], "title": "Kent White", "price": 117.9, "product_variant": "20 stk", "quantity_info": [[20.0, "stk"]], "image_url": "https://kolonial.no/static/products/img/placeholder.bffcea8d3530.png", "unit_price_raw": "kr 5,90 per stk", "product_url": "https://kolonial.no/produkter/4045-kent-kent-white/", "kolonial_id": "4045"},
  {"category": "Salatp\u00e5legg", "category_list": ["Alle varer", "P\u00e5legg", "Salatp\u00e5legg"], "title": "Kyllingsalat", "price": 32.8, "product_variant": "200 g", "quantity_info": [[200.0, "g"]], "image_url": "/media/uploads/public/333/37/966437-adcc6-product_list.jpg", "unit_price_raw": "kr 164,00 per kg", "product_url": "https://kolonial.no/produkter/633-delikat-kyllingsalat-200g/", "kolonial_id": "633"},
  {"category": "Salatp\u00e5legg", "category_list": ["Alle varer", "P\u00e5legg", "Salatp\u00e5legg"], "title": "Russisk Rekesalat", "price": 33.1, "product_variant": "200 g", "quantity_info": [[200.0, "g"]], "image_url": "/media/uploads/public/260/78/1004078-b17f0-product_list.jpg", "unit_price_raw": "kr 165,50 per kg", "product_url": "https://kolonial.no/produkter/5011-delikat-russisk-rekesalat-200g/", "kolonial_id": "5011"},
  {"category": "Leverpostei", "category_list": ["Alle varer", "P\u00e5legg", "Leverpostei"], "title": "Ovnsbakt Postei", "price": 31.3, "product_variant": "185 g", "quantity_info": [[185.0, "g"]], "image_url": "/media/uploads/public/287/53/966453-cd4c1-product_list.jpg", "unit_price_raw": "kr 169,19 per kg", "product_url": "https://kolonial.no/produkter/5029-ovnsb-postei-185g-vita-h/", "kolonial_id": "5029"},
  {"category": "Majones og tubep\u00e5legg", "category_list": ["Alle varer", "P\u00e5legg", "Majones og tubep\u00e5legg"], "title": "Skinkeost", "price": 28.0, "product_variant": "Tube, 175 g", "quantity_info": [[175.0, "g"]], "image_url": "/media/uploads/public/251/177/967777-764c9-product_list.jpg", "unit_price_raw": "kr 160,00 per kg", "product_url": "https://kolonial.no/produkter/135-kavli-skinkeost-tube-175g/", "kolonial_id": "135"},
  {"category": "Syltet\u00f8y", "category_list": ["Alle varer", "P\u00e5legg", "Syltet\u00f8y"], "title": "Bringeb\u00e6rsyltet\u00f8y", "price": 59.9, "product_variant": "160 g", "quantity_info": [[160.0, "g"]], "image_url": "/media/uploads/public/211/185/990985-3bf9a-product_list.jpg", "unit_price_raw": "kr 374,38 per kg", "product_url": "https://kolonial.no/produkter/27982-lien-gard-bringebaersyltetoy/", "kolonial_id": "27982"},
  {"category": "Fiskep\u00e5legg", "category_list": ["Alle varer", "P\u00e5legg", "Fiskep\u00e5legg"], "title": "Peppermakrell", "price": 28.1, "product_variant": "ca. 200 g", "quantity_info": [[200.0, "g"]], "image_url": "/media/uploads/public/155/167/186167-ab2fe-product_list.jpg", "unit_price_raw": "kr 140,50 per kg", "product_url": "https://kolonial.no/produkter/4582-godehav-peppermakrell/", "kolonial_id": "4582"},
  {"category": "Fiskep\u00e5legg", "category_list": ["Alle varer", "P\u00e5legg", "Fiskep\u00e5legg"], "title": "R\u00f8kt \u00d8rret Skivet", "price": 111.5, "product_variant": "350 g", "quantity_info": [[350.0, "g"]], "image_url": "/media/uploads/public/329/354/687154-7a4db-product_list.jpg", "unit_price_raw": "kr 318,57 per kg", "product_url": "https://kolonial.no/produkter/18130-godehav-rokt-orret-skivet/", "kolonial_id": "18130"},
  {"category": "Kj\u00f8tt- og kyllingp\u00e5legg", "category_list": ["Alle varer", "P\u00e5legg", "Kj\u00f8tt- og kyllingp\u00e5legg"], "title": "Hawaiiplomme", "price": 31.8, "product_variant": "100 g", "quantity_info": [[100.0, "g"]], "image_url": "/media/uploads/public/58/95/296095-f0d0d-product_list.jpg", "unit_price_raw": "kr 318,00 per kg", "product_url": "https://kolonial.no/produkter/25121-rema-1000-hawaiiplomme/", "kolonial_id": "25121"},
  {"category": "Spekemat og salami", "category_list": ["Alle varer", "P\u00e5legg", "Spekemat og salami"], "title": "Gullsalami", "price": 45.4, "product_variant": "175 g", "quantity_info": [[175.0, "g"]], "image_url": "/media/uploads/public/95/232/970632-99f45-product_list.jpg", "unit_price_raw": "kr 259,43 per kg", "product_url": "https://kolonial.no/produkter/21916-grilstad-gullsalami/", "kolonial_id": "21916"},
  {"category": "Fuglemat", "category_list": ["Alle varer", "Dyremat", "Fuglemat"], "title": "Snadder Kjempemeisebolle", "price": 15.4, "product_variant": "500 g", "quantity_info": [[500.0, "g"]], "image_url": "/media/uploads/public/344/168/970568-9073d-product_list.jpg", "unit_price_raw": "kr 30,80 per kg", "product_url": "https://kolonial.no/produkter/21853-snadder-kjempemeisebolle/", "kolonial_id": "21853"},
  {"category": "Kattemat", "category_list": ["Alle varer", "Dyremat", "Kattemat"], "title": "Tunfisk og gr\u00f8nnsaker", "price": 121.8, "product_variant": "Friskies, 4 kg", "quantity_info": [[4.0, "kg"]], "image_url": "/media/uploads/public/134/85/1010885-79568-product_list.jpg", "unit_price_raw": "kr 30,45 per kg", "product_url": "https://kolonial.no/produkter/12457-nestle-tunfisk-og-gronnsaker-friskies-4kg/", "kolonial_id": "12457"},
  {"category": "Kattemat", "category_list": ["Alle varer", "Dyremat", "Kattemat"], "title": "Crunchy & Soft", "price": 76.4, "product_variant": "1,5 kg", "quantity_info": [[1.5, "kg"]], "image_url": "/media/uploads/public/283/38/411238-65430-product_list.jpg", "unit_price_raw": "kr 50,93 per kg", "product_url": "https://kolonial.no/produkter/26156-friskies-crunchy-soft/", "kolonial_id": "26156"},
  {"category": "Fl\u00f8te og r\u00f8mmeprodukter", "category_list": ["Alle varer", "Melk, meieriprodukter og egg", "Fl\u00f8te og r\u00f8mmeprodukter"], "title": "Kremfl\u00f8te \u00d8kologisk", "price": 32.2, "product_variant": "0,3 l", "quantity_info": [[0.3, "l"]], "image_url": "/media/uploads/public/0/93/94093-797de-product_list.jpg", "unit_price_raw": "kr 107,33 per l", "product_url": "https://kolonial.no/produkter/21598-tine-kremflote-okologisk/", "kolonial_id": "21598"},
  {"category": "Yoghurt", "category_list": ["Alle varer", "Melk, meieriprodukter og egg", "Yoghurt"], "title": "Q Frokostyoghurt Melon & Pasjonsfrukt", "price": 15.9, "product_variant": "125 g", "quantity_info": [[125.0, "g"]], "image_url": "/media/uploads/public/248/172/971372-8f345-product_list.jpg", "unit_price_raw": "kr 127,20 per kg", "product_url": "https://kolonial.no/produkter/20884-q-meieriene-q-frokostyoghurt-melon-pasjonsfrukt/", "kolonial_id": "20884"},
  {"category": "Sm\u00f8r og margarin", "category_list": ["Alle varer", "Melk, meieriprodukter og egg", "Sm\u00f8r og margarin"], "title": "Melange", "price": 34.5, "product_variant": "Flytende, 520 ml", "quantity_info": [[520.0, "ml"]], "image_url": "/media/uploads/public/86/81/1010881-78e7e-product_list.jpg", "unit_price_raw": "kr 66,35 per l", "product_url": "https://kolonial.no/produkter/220-melange-melange-flytende-520g/", "kolonial_id": "220"},
  {"category": "Egg", "category_list": ["Alle varer", "Melk, meieriprodukter og egg", "Egg"], "title": "Egg Xl", "price": 32.6, "product_variant": "Frittg\u00e5ende, 6 stk", "quantity_info": [[6.0, "stk"]], "image_url": "/media/uploads/public/376/203/970203-c6e35-product_list.jpg", "unit_price_raw": "kr 70,87 per kg", "product_url": "https://kolonial.no/produkter/18088-solvinge-egg-xl-frittgaende/", "kolonial_id": "18088"},
  {"category": "Energidrikk", "category_list": ["Alle varer", "Drikkevarer", "Energidrikk"], "title": "Red Bull Regular", "price": 33.2, "product_variant": "473 ml", "quantity_info": [[473.0, "ml"]], "image_url": "/media/uploads/public/239/272/965072-8e60e-product_list.jpg", "unit_price_raw": "kr 70,19 per l", "product_url": "https://kolonial.no/produkter/6718-red-bull-red-bull-regular/", "kolonial_id": "6718"},
  {"category": "Energidrikk", "category_list": ["Alle varer", "Drikkevarer", "Energidrikk"], "title": "Red Bull Ginger Ale", "price": 23.5, "product_variant": "\u00d8kologisk, 250 ml", "quantity_info": [[250.0, "ml"]], "image_url": "/media/uploads/public/335/230/973830-45d2d-product_list.jpg", "unit_price_raw": "kr 94,00 per l", "product_url": "https://kolonial.no/produkter/24077-red-bull-red-bull-ginger-ale-okologisk/", "kolonial_id": "24077"},
  {"category": "Kakao og sjokoladepulver", "category_list": ["Alle varer", "Drikkevarer", "Kakao og sjokoladepulver"], "title": "Regia Kakao", "price": 23.8, "product_variant": "Original, 260 g", "quantity_info": [[260.0, "g"]], "image_url": "/media/uploads/public/311/177/964577-506d3-product_list.jpg", "unit_price_raw": "kr 91,54 per kg", "product_url": "https://kolonial.no/produkter/940-freia-regia-kakao-original/", "kolonial_id": "940"},
  {"category": "Te", "category_list": ["Alle varer", "Drikkevarer", "Te"], "title": "Forest Fruit Tea Pyramide", "price": 27.3, "product_variant": "20 poser, 20 stk", "quantity_info": [[20.0, "poser"], [20.0, "stk"]], "image_url": "/media/uploads/public/270/5/964405-cf909-product_list.jpg", "unit_price_raw": "kr 1,37 per stk", "product_url": "https://kolonial.no/produkter/7522-lipton-forest-fruit-tea-pyramide-20-poser/", "kolonial_id": "7522"},
  {"category": "Kaffe", "category_list": ["Alle varer", "Drikkevarer", "Kaffe"], "title": "Friele Frokostkaffe M\u00f8rkbrent", "price": 37.1, "product_variant": "Filtermalt, 250 g", "quantity_info": [[250.0, "g"]], "image_url": "/media/uploads/public/83/337/967137-72576-product_list.jpg", "unit_price_raw": "kr 148,40 per kg", "product_url": "https://kolonial.no/produkter/3385-friele-friele-frokostkaffe-morkbrent-filtermalt-25/", "kolonial_id": "3385"},
  {"category": "Iste", "category_list": ["Alle varer", "Drikkevarer", "Iste"], "title": "Lipton Ice Tea Mango", "price": 25.9, "product_variant": "0,5 l", "quantity_info": [[0.5, "l"]], "image_url": "/media/uploads/public/385/399/724799-30668-product_list.jpg", "unit_price_raw": "kr 51,80 per l", "product_url": "https://kolonial.no/produkter/27732-lipton-lipton-ice-tea-mango/", "kolonial_id": "27732"},
  {"category": "Iste", "category_list": ["Alle varer", "Drikkevarer", "Iste"], "title": "Iste Fersken", "price": 23.6, "product_variant": "0,5 l", "quantity_info": [[0.5, "l"]], "image_url": "/media/uploads/public/298/100/970900-aaf0f-product_list.jpg", "unit_price_raw": "kr 47,20 per l", "product_url": "https://kolonial.no/produkter/12058-tine-iste-fersken-05l/", "kolonial_id": "12058"},
  {"category": "Saft", "category_list": ["Alle varer", "Drikkevarer", "Saft"], "title": "Husholdningssaft", "price": 54.3, "product_variant": "1,35 l", "quantity_info": [[1.35, "l"]], "image_url": "/media/uploads/public/372/251/973051-7b77d-product_list.jpg", "unit_price_raw": "kr 40,22 per l", "product_url": "https://kolonial.no/produkter/6706-lerum-husholdningssaft-14l/", "kolonial_id": "6706"},
  {"category": "Smoothie", "category_list": ["Alle varer", "Drikkevarer", "Smoothie"], "title": "Smoothie Mango & Appelsin", "price": 230.0, "product_variant": "5 l", "quantity_info": [[5.0, "l"]], "image_url": "/media/uploads/public/183/340/142340-e6d53-product_list.jpg", "unit_price_raw": "kr 46,00 per l", "product_url": "https://kolonial.no/produkter/24283-froosh-smoothie-mango-appelsin/", "kolonial_id": "24283"},
  {"category": "Juice", "category_list": ["Alle varer", "Drikkevarer", "Juice"], "title": "Eplejuice Presset", "price": 46.8, "product_variant": "Pink Lady, 0,93 l", "quantity_info": [[0.93, "l"]], "image_url": "/media/uploads/public/300/343/968343-17ab8-product_list.jpg", "unit_price_raw": "kr 50,32 per l", "product_url": "https://kolonial.no/produkter/2221-sunniva-eplejuice-presset-pink-lady-093l/", "kolonial_id": "2221"},
  {"category": "Vann og mineralvann", "category_list": ["Alle varer", "Drikkevarer", "Vann og mineralvann"], "title": "Grans Taffel Med Lime", "price": 12.9, "product_variant": "1,5 l", "quantity_info": [[1.5, "l"]], "image_url": "/media/uploads/public/144/232/973832-99efd-product_list.jpg", "unit_price_raw": "kr 8,60 per l", "product_url": "https://kolonial.no/produkter/6874-grans-bryggeri-grans-taffel-med-lime-15l/", "kolonial_id": "6874"},
  {"category": "Vann og mineralvann", "category_list": ["Alle varer", "Drikkevarer", "Vann og mineralvann"], "title": "Taffel Fersken", "price": 13.9, "product_variant": "1,5 l", "quantity_info": [[1.5, "l"]], "image_url": "/media/uploads/public/182/220/374620-1ae1e-product_list.jpg", "unit_price_raw": "kr 9,27 per l", "product_url": "https://kolonial.no/produkter/26109-grans-bryggeri-taffel-fersken/", "kolonial_id": "26109"},
  {"category": "Sm\u00f8reost og prim", "category_list": ["Alle varer", "Oster", "Sm\u00f8reost og prim"], "title": "Kremost", "price": 14.9, "product_variant": "Krydder, 125 g", "quantity_info": [[125.0, "g"]], "image_url": "/media/uploads/public/251/306/966706-cf86a-product_list.jpg", "unit_price_raw": "kr 119,20 per kg", "product_url": "https://kolonial.no/produkter/997-tine-kremost-krydder-125g/", "kolonial_id": "997"},
  {"category": "Sm\u00f8reost og prim", "category_list": ["Alle varer", "Oster", "Sm\u00f8reost og prim"], "title": "Kremost", "price": 20.1, "product_variant": "Urter, 125 g", "quantity_info": [[125.0, "g"]], "image_url": "/media/uploads/public/148/373/966773-12dd3-product_list.jpg", "unit_price_raw": "kr 160,80 per kg", "product_url": "https://kolonial.no/produkter/2299-tine-kremost-urter-125g/", "kolonial_id": "2299"},
  {"category": "Brunost", "category_list": ["Alle varer", "Oster", "Brunost"], "title": "Ekte Geitost Skivet", "price": 30.9, "product_variant": "130 g", "quantity_info": [[130.0, "g"]], "image_url": "/media/uploads/public/28/200/374600-4e9e5-product_list.jpg", "unit_price_raw": "kr 237,69 per kg", "product_url": "https://kolonial.no/produkter/26098-tine-ekte-geitost-skivet/", "kolonial_id": "26098"},
  {"category": "Brunost", "category_list": ["Alle varer", "Oster", "Brunost"], "title": "Fl\u00f8temysost", "price": 54.3, "product_variant": "500 g", "quantity_info": [[500.0, "g"]], "image_url": "/media/uploads/public/300/75/972475-3b90f-product_list.jpg", "unit_price_raw": "kr 108,60 per kg", "product_url": "https://kolonial.no/produkter/12232-tine-flotemysost-500g/", "kolonial_id": "12232"},
  {"category": "Bleier", "category_list": ["Alle varer", "Barneprodukter", "Bleier"], "title": "Libero Touch", "price": 66.5, "product_variant": "Str.7 16-26kg, 18 stk", "quantity_info": [[716.0, ""], [26.0, "kg"], [18.0, "stk"]], "image_url": "/media/uploads/public/172/104/1018904-9ce88-product_list.jpg", "unit_price_raw": "kr 3,69 per stk", "product_url": "https://kolonial.no/produkter/26606-libero-libero-touch-str7-16-26kg/", "kolonial_id": "26606"},
  {"category": "Spesialoster", "category_list": ["Alle varer", "Oster", "Spesialoster"], "title": "Parmigiano Reggiano Parmesan Stick", "price": 51.9, "product_variant": "15 mnd DOP, 125 g", "quantity_info": [[15.0, "mndDOP"], [125.0, "g"]], "image_url": "/media/uploads/public/0/122/64522-6deae-product_list.jpg", "unit_price_raw": "kr 415,20 per kg", "product_url": "https://kolonial.no/produkter/18667-parmigiano-reggiano-parmesan-stick-15-mnd-dop/", "kolonial_id": "18667"},
  {"category": "Julens p\u00e5legg", "category_list": ["Alle varer", "P\u00e5legg", "Julens p\u00e5legg"], "title": "R\u00f8kt Lammel\u00e5r Oppsk\u00e5ret", "price": 100.0, "product_variant": "Str\u00f8m-Larsen, 200 g", "quantity_info": [[200.0, "g"]], "image_url": "/media/uploads/public/52/105/137305-666a1-product_list.jpg", "unit_price_raw": "kr 500,00 per kg", "product_url": "https://kolonial.no/produkter/18460-strom-larsen-rokt-lammelar-oppskaret-strom-larsen/", "kolonial_id": "18460"},
  {"category": "Gr\u00f8nne planter", "category_list": ["Alle varer", "Blomster og planter", "Gr\u00f8nne planter"], "title": "Fredslilje", "price": 60.0, "product_variant": "20-40 cm h\u00f8y. 12 cm potte, 1 stk", "quantity_info": [[20.0, ""], [40.0, "cmh\u00f8y"], [12.0, "cmpotte"], [1.0, "stk"]], "image_url": "/media/uploads/public/191/42/998842-a20aa-product_list.jpg", "unit_price_raw": "kr 60,00 per stk", "product_url": "https://kolonial.no/produkter/27831-fredslilje-20-40cm-hoy-1-stk/", "kolonial_id": "27831"},
  {"category": "Planter med potte", "category_list": ["Alle varer", "Blomster og planter", "Planter med potte"], "title": "Crispy wave og glasspotte", "price": 120.0, "product_variant": "20-40 cm h\u00f8y. 12 cm potte, 1 stk", "quantity_info": [[20.0, ""], [40.0, "cmh\u00f8y"], [12.0, "cmpotte"], [1.0, "stk"]], "image_url": "/media/uploads/public/344/39/998839-f3d03-product_list.jpg", "unit_price_raw": "kr 120,00 per stk", "product_url": "https://kolonial.no/produkter/27826-crispy-wave-i-glasspotte-30cm-1-stk/", "kolonial_id": "27826"},
  {"category": "Brus", "category_list": ["Alle varer", "Drikkevarer", "Brus"], "title": "Coca-Cola Uten Sukker", "price": 32.5, "product_variant": "1,75 l", "quantity_info": [[1.75, "l"]], "image_url": "/media/uploads/public/357/334/973934-b2218-product_list.jpg", "unit_price_raw": "kr 18,57 per l", "product_url": "https://kolonial.no/produkter/520-coca-cola-coca-cola-zero-1-5l/", "kolonial_id": "520"},
  {"category": "Snacking", "category_list": ["Alle varer", "Pizza og taco", "Snacking"], "title": "Calzone Pepperoni & Pesto", "price": 34.2, "product_variant": "305 g", "quantity_info": [[305.0, "g"]], "image_url": "/media/uploads/public/31/117/968517-f4da8-product_list.jpg", "unit_price_raw": "kr 112,13 per kg", "product_url": "https://kolonial.no/produkter/15723-rema-1000-calzone-pepperoni-pesto/", "kolonial_id": "15723"},
  {"category": "Hundemat", "category_list": ["Alle varer", "Dyremat", "Hundemat"], "title": "Welldone Biff Snack til Hund", "price": 10.7, "product_variant": "15 g", "quantity_info": [[15.0, "g"]], "image_url": "/media/uploads/public/79/249/445449-ab8f8-product_list.jpg", "unit_price_raw": "kr 713,33 per kg", "product_url": "https://kolonial.no/produkter/25451-best-friend-welldone-biff-snack-til-hund/", "kolonial_id": "25451"},
  {"category": "Snittblomster", "category_list": ["Alle varer", "Blomster og planter", "Snittblomster"], "title": "Alstromeria Lilla", "price": 50.0, "product_variant": "45 cm, 8 stk", "quantity_info": [[45.0, "cm"], [8.0, "stk"]], "image_url": "/media/uploads/public/211/318/659918-c3d54-product_list.jpg", "unit_price_raw": "kr 6,25 per stk", "product_url": "https://kolonial.no/produkter/27127-fresh-flowers-alstromeria-lilla-45-cm/", "kolonial_id": "27127"},
  {"category": "Taco", "category_list": ["Alle varer", "Pizza og taco", "Taco"], "title": "Mini 100% Corn Tortilla", "price": 28.0, "product_variant": "10 stk, 210 g", "quantity_info": [[10.0, "stk"], [210.0, "g"]], "image_url": "/media/uploads/public/146/223/374623-962d2-product_list.jpg", "unit_price_raw": "kr 133,33 per kg", "product_url": "https://kolonial.no/produkter/25963-old-el-paso-mini-100-corn-tortilla-10-stk/", "kolonial_id": "25963"},
  {"category": "Taco", "category_list": ["Alle varer", "Pizza og taco", "Taco"], "title": "Fullkorntortillas", "price": 18.0, "product_variant": "372 g", "quantity_info": [[372.0, "g"]], "image_url": "/media/uploads/public/139/242/506242-2c48e-product_list.jpg", "unit_price_raw": "kr 48,39 per kg", "product_url": "https://kolonial.no/produkter/8658-rema-1000-fullkorntortillas-6stk/", "kolonial_id": "8658"},
  {"category": "Buljong og fond", "category_list": ["Alle varer", "Olje og krydder", "Buljong og fond"], "title": "Klar h\u00f8nsebuljong", "price": 25.5, "product_variant": "Terninger, 5 l", "quantity_info": [[5.0, "l"]], "image_url": "/media/uploads/public/277/20/966020-da90c-product_list.jpg", "unit_price_raw": "kr 5,10 per l", "product_url": "https://kolonial.no/produkter/747-maggi-klar-honsebuljong-terninger/", "kolonial_id": "747"},
  {"category": "Kryddermiks", "category_list": ["Alle varer", "Olje og krydder", "Kryddermiks"], "title": "Spice Mix Fajita", "price": 9.8, "product_variant": "Smoky BBQ, 30 g", "quantity_info": [[30.0, "g"]], "image_url": "/media/uploads/public/374/136/964536-de77c-product_list.jpg", "unit_price_raw": "kr 326,67 per kg", "product_url": "https://kolonial.no/produkter/7384-old-el-paso-spice-mix-fajita-smoky-bbq/", "kolonial_id": "7384"},
  {"category": "Ketchup og sennep", "category_list": ["Alle varer", "Olje og krydder", "Ketchup og sennep"], "title": "Chili sauce", "price": 33.8, "product_variant": "340 g", "quantity_info": [[340.0, "g"]], "image_url": "/media/uploads/public/0/190/190-4e2cf-product_list.jpg", "unit_price_raw": "kr 99,41 per kg", "product_url": "https://kolonial.no/produkter/602-heinz-chili-sauce-340g/", "kolonial_id": "602"},
  {"category": "Deodorant", "category_list": ["Alle varer", "Hygieneartikler", "Deodorant"], "title": "Roll-on Aloe Vera", "price": 39.8, "product_variant": "50 ml", "quantity_info": [[50.0, "ml"]], "image_url": "/media/uploads/public/171/140/967740-4bf4e-product_list.jpg", "unit_price_raw": "kr 796,00 per l", "product_url": "https://kolonial.no/produkter/11371-sterilan-roll-aloe-vera-50ml/", "kolonial_id": "11371"},
  {"category": "Deodorant", "category_list": ["Alle varer", "Hygieneartikler", "Deodorant"], "title": "Fresh Daisy Roll-On", "price": 42.9, "product_variant": "50 ml", "quantity_info": [[50.0, "ml"]], "image_url": "/media/uploads/public/191/53/155253-ab02e-product_list.jpg", "unit_price_raw": "kr 858,00 per l", "product_url": "https://kolonial.no/produkter/25067-sterilan-fresh-daisy-roll-/", "kolonial_id": "25067"},
  {"category": "Melk", "category_list": ["Alle varer", "Melk, meieriprodukter og egg", "Melk"], "title": "TineMelk Lett", "price": 19.5, "product_variant": "Laktoseredusert, 1 l", "quantity_info": [[1.0, "l"]], "image_url": "/media/uploads/public/0/352/42352-3b601-product_list.jpg", "unit_price_raw": "kr 19,50 per l", "product_url": "https://kolonial.no/produkter/12004-tine-tinemelk-lett-laktoseredusert-1l/", "kolonial_id": "12004"},
  {"category": "Barbering", "category_list": ["Alle varer", "Hygieneartikler", "Barbering"], "title": "Barberblad Venus Breeze", "price": 187.3, "product_variant": "4 stk", "quantity_info": [[4.0, "stk"]], "image_url": "/media/uploads/public/239/318/969518-b3b57-product_list.jpg", "unit_price_raw": "kr 46,83 per stk", "product_url": "https://kolonial.no/produkter/18400-gillette-barberblad-venus-breeze/", "kolonial_id": "18400"},
  {"category": "Solkrem", "category_list": ["Alle varer", "Shampo, s\u00e5pe og krem", "Solkrem"], "title": "Protect & Bronze Oil", "price": 155.5, "product_variant": "SPF 20, 200 ml", "quantity_info": [[20.2, "ml"]], "image_url": "/media/uploads/public/382/377/664777-10fe8-product_list.jpg", "unit_price_raw": "kr 777,50 per l", "product_url": "https://kolonial.no/produkter/21880-nivea-protect-bronze-oil-spf-20/", "kolonial_id": "21880"},
  {"category": "Barnes\u00e5pe og babyolje", "category_list": ["Alle varer", "Shampo, s\u00e5pe og krem", "Barnes\u00e5pe og babyolje"], "title": "Shampo & Bals Strawberry", "price": 30.8, "product_variant": "200 ml", "quantity_info": [[200.0, "ml"]], "image_url": "/media/uploads/public/233/200/969400-a75bd-product_list.jpg", "unit_price_raw": "kr 154,00 per l", "product_url": "https://kolonial.no/produkter/18034-natusan-shampo-bals-strawberry/", "kolonial_id": "18034"},
  {"category": "Barnes\u00e5pe og babyolje", "category_list": ["Alle varer", "Shampo, s\u00e5pe og krem", "Barnes\u00e5pe og babyolje"], "title": "Babyoil Uten Parfyme", "price": 32.1, "product_variant": "200 ml", "quantity_info": [[200.0, "ml"]], "image_url": "/media/uploads/public/31/203/965003-856c6-product_list.jpg", "unit_price_raw": "kr 160,50 per l", "product_url": "https://kolonial.no/produkter/6772-natusan-babyoil-uten-parfyme/", "kolonial_id": "6772"},
  {"category": "Bomull og ansiktsrens", "category_list": ["Alle varer", "Hygieneartikler", "Bomull og ansiktsrens"], "title": "Express Nail Polish Remover", "price": 43.8, "product_variant": "Acetone Free, 75 ml", "quantity_info": [[75.0, "ml"]], "image_url": "/media/uploads/public/111/308/143108-19b68-product_list.jpg", "unit_price_raw": "kr 584,00 per l", "product_url": "https://kolonial.no/produkter/24310-delicate-touch-express-nail-polish-remover-acetone/", "kolonial_id": "24310"},
  {"category": "Krydder", "category_list": ["Alle varer", "Olje og krydder", "Krydder"], "title": "Maldon Salt R\u00f8kt", "price": 45.2, "product_variant": "125 g", "quantity_info": [[125.0, "g"]], "image_url": "/media/uploads/public/0/58/98458-f6cd8-product_list.jpg", "unit_price_raw": "kr 361,60 per kg", "product_url": "https://kolonial.no/produkter/22216-maldon-maldon-salt-rokt/", "kolonial_id": "22216"},
  {"category": "Helsekost", "category_list": ["Alle varer", "Legemidler og helsekost", "Helsekost"], "title": "Omega-3 Fisk", "price": 107.5, "product_variant": "45 stk", "quantity_info": [[45.0, "stk"]], "image_url": "/media/uploads/public/316/24/952024-65071-product_list.jpg", "unit_price_raw": "kr 2,39 per stk", "product_url": "https://kolonial.no/produkter/9749-mollers-omega-3-fisk/", "kolonial_id": "9749"},
  {"category": "Proteinbar og m\u00fcslibar", "category_list": ["Alle varer", "Legemidler og helsekost", "Proteinbar og m\u00fcslibar"], "title": "Juicy Coconut", "price": 61.5, "product_variant": "3pk, 0,09 kg", "quantity_info": [[3.0, "pk"], [0.09, "kg"]], "image_url": "/media/uploads/public/349/205/967405-f3fd0-product_list.jpg", "unit_price_raw": "kr 683,33 per kg", "product_url": "https://kolonial.no/produkter/9731-nutrilett-juicy-coconut-3pk/", "kolonial_id": "9731"},
  {"category": "Proteinbar og m\u00fcslibar", "category_list": ["Alle varer", "Legemidler og helsekost", "Proteinbar og m\u00fcslibar"], "title": "Chunky Peanut", "price": 49.7, "product_variant": "2pk, 0,11 kg", "quantity_info": [[2.0, "pk"], [0.11, "kg"]], "image_url": "/media/uploads/public/206/195/967395-b36e0-product_list.jpg", "unit_price_raw": "kr 451,82 per kg", "product_url": "https://kolonial.no/produkter/9728-nutrilett-chunky-peanut-2pk/", "kolonial_id": "9728"},
  {"category": "Plaster", "category_list": ["Alle varer", "Legemidler og helsekost", "Plaster"], "title": "Minions Plaster", "price": 28.2, "product_variant": "20 stk", "quantity_info": [[20.0, "stk"]], "image_url": "/media/uploads/public/310/254/969854-43d20-product_list.jpg", "unit_price_raw": "kr 1,41 per stk", "product_url": "https://kolonial.no/produkter/19345-salvequick-minions-plaster/", "kolonial_id": "19345"},
  {"category": "Bind og tamponger", "category_list": ["Alle varer", "Hygieneartikler", "Bind og tamponger"], "title": "Bind Ultra Normal+", "price": 37.0, "product_variant": "28 stk", "quantity_info": [[28.0, "stk"]], "image_url": "/media/uploads/public/0/67/38067-c900d-product_list.jpg", "unit_price_raw": "kr 1,32 per stk", "product_url": "https://kolonial.no/produkter/15432-always-bind-ultra-normal/", "kolonial_id": "15432"},
  {"category": "Bind og tamponger", "category_list": ["Alle varer", "Hygieneartikler", "Bind og tamponger"], "title": "Normal Wing", "price": 22.6, "product_variant": "14 stk", "quantity_info": [[14.0, "stk"]], "image_url": "/media/uploads/public/306/231/964231-53f40-product_list.jpg", "unit_price_raw": "kr 1,61 per stk", "product_url": "https://kolonial.no/produkter/19537-libresse-libresse-normal-wing/", "kolonial_id": "19537"},
  {"category": "Nikotinprodukter", "category_list": ["Alle varer", "Legemidler og helsekost", "Nikotinprodukter"], "title": "Nicorette Icemint", "price": 301.1, "product_variant": "4mg, 105 stk", "quantity_info": [[4.0, "mg"], [105.0, "stk"]], "image_url": "/media/uploads/public/0/376/75976-a51e9-product_list.jpg", "unit_price_raw": "kr 2,87 per stk", "product_url": "https://kolonial.no/produkter/19657-nicorette-nicorette-icemint-4mg/", "kolonial_id": "19657"},
  {"category": "Kluter, svamper og hansker", "category_list": ["Alle varer", "T\u00f8rkepapir og vaskemidler", "Kluter, svamper og hansker"], "title": "Strikkeklut Bomull 2stk", "price": 18.6, "product_variant": "2 stk", "quantity_info": [[2.0, "stk"]], "image_url": "/media/uploads/public/186/393/966393-989f1-product_list.jpg", "unit_price_raw": "kr 9,30 per stk", "product_url": "https://kolonial.no/produkter/5086-soft-style-strikkeklut-bomull-2stk/", "kolonial_id": "5086"},
  {"category": "Kluter, svamper og hansker", "category_list": ["Alle varer", "T\u00f8rkepapir og vaskemidler", "Kluter, svamper og hansker"], "title": "Mikrofiber Glassklut", "price": 23.1, "product_variant": "1 stk", "quantity_info": [[1.0, "stk"]], "image_url": "/media/uploads/public/196/333/966333-ba687-product_list.jpg", "unit_price_raw": "kr 23,10 per stk", "product_url": "https://kolonial.no/produkter/5041-soft-style-mikrofiber-glassklut-1stk/", "kolonial_id": "5041"},
  {"category": "Shampo og h\u00e5rprodukter", "category_list": ["Alle varer", "Shampo, s\u00e5pe og krem", "Shampo og h\u00e5rprodukter"], "title": "Balsam", "price": 61.4, "product_variant": "Weightless shine, 200 ml", "quantity_info": [[200.0, "ml"]], "image_url": "/media/uploads/public/29/377/996377-2a374-product_list.jpg", "unit_price_raw": "kr 307,00 per l", "product_url": "https://kolonial.no/produkter/891-define-balsam-weightless-shine/", "kolonial_id": "891"},
  {"category": "Krem", "category_list": ["Alle varer", "Shampo, s\u00e5pe og krem", "Krem"], "title": "Face Cream", "price": 83.3, "product_variant": "50 ml", "quantity_info": [[50.0, "ml"]], "image_url": "/media/uploads/public/284/127/262527-d0c94-product_list.jpg", "unit_price_raw": "kr 1666,00 per l", "product_url": "https://kolonial.no/produkter/25519-neutral-face-cream/", "kolonial_id": "25519"},
  {"category": "Gulost", "category_list": ["Alle varer", "Oster", "Gulost"], "title": "Jarlsberg Lettere 16%", "price": 30.5, "product_variant": "Skiver, 150 g", "quantity_info": [[150.0, "g"]], "image_url": "/media/uploads/public/183/203/145003-a1584-product_list.jpg", "unit_price_raw": "kr 203,33 per kg", "product_url": "https://kolonial.no/produkter/2329-tine-jarlsberg-lettere-16-skiver-150g/", "kolonial_id": "2329"},
  {"category": "Oppvask", "category_list": ["Alle varer", "T\u00f8rkepapir og vaskemidler", "Oppvask"], "title": "Extra power", "price": 39.8, "product_variant": "Refill, 755 g", "quantity_info": [[755.0, "g"]], "image_url": "/media/uploads/public/241/255/972655-e2d86-product_list.jpg", "unit_price_raw": "kr 52,72 per kg", "product_url": "https://kolonial.no/produkter/867-sun-extra-power-refill/", "kolonial_id": "867"},
  {"category": "Oppvask", "category_list": ["Alle varer", "T\u00f8rkepapir og vaskemidler", "Oppvask"], "title": "Sun 3i1 Glans og T\u00f8rkemiddel", "price": 49.3, "product_variant": "Maskinvask, 350 ml", "quantity_info": [[350.0, "ml"]], "image_url": "/media/uploads/public/342/62/964862-f9432-product_list.jpg", "unit_price_raw": "kr 140,86 per l", "product_url": "https://kolonial.no/produkter/2380-sun-sun-3i1-glans-og-torkemiddel-maskinvask-500ml/", "kolonial_id": "2380"},
  {"category": "Fiskekaker", "category_list": ["Alle varer", "Fisk og sj\u00f8mat", "Fiskekaker"], "title": "Fiskepudding Snabb", "price": 17.8, "product_variant": "340 g", "quantity_info": [[340.0, "g"]], "image_url": "/media/uploads/public/330/230/156630-95b32-product_list.jpg", "unit_price_raw": "kr 52,35 per kg", "product_url": "https://kolonial.no/produkter/18019-best-pris-fiskepudding-snabb/", "kolonial_id": "18019"},
  {"category": "Fryst pizza", "category_list": ["Alle varer", "Pizza og taco", "Fryst pizza"], "title": "Big One Triple Cheese", "price": 84.5, "product_variant": "580 g", "quantity_info": [[580.0, "g"]], "image_url": "/media/uploads/public/112/302/972702-a461c-product_list.jpg", "unit_price_raw": "kr 145,69 per kg", "product_url": "https://kolonial.no/produkter/4282-big-one-big-one-triple-cheese/", "kolonial_id": "4282"},
  {"category": "Tannpleie", "category_list": ["Alle varer", "Hygieneartikler", "Tannpleie"], "title": "Fluortablett Mix", "price": 64.4, "product_variant": "Assorterte smaker, 150 stk", "quantity_info": [[150.0, "stk"]], "image_url": "/media/uploads/public/121/112/966112-e4374-product_list.jpg", "unit_price_raw": "kr 0,43 per stk", "product_url": "https://kolonial.no/produkter/5365-denta-kids-fluortablett-mix-dentakid-150-stk/", "kolonial_id": "5365"},
  {"category": "Vaskemidler", "category_list": ["Alle varer", "T\u00f8rkepapir og vaskemidler", "Vaskemidler"], "title": "Klar Baderomsspray", "price": 44.2, "product_variant": "500 ml", "quantity_info": [[500.0, "ml"]], "image_url": "/media/uploads/public/56/274/618274-8b5ad-product_list.jpg", "unit_price_raw": "kr 88,40 per l", "product_url": "https://kolonial.no/produkter/26549-klar-klar-baderomsspray/", "kolonial_id": "26549"},
  {"category": "Frossen fisk og sj\u00f8mat", "category_list": ["Alle varer", "Fisk og sj\u00f8mat", "Frossen fisk og sj\u00f8mat"], "title": "Torsk Gourmet", "price": 83.8, "product_variant": "420 g", "quantity_info": [[420.0, "g"]], "image_url": "/media/uploads/public/111/232/968632-d9b02-product_list.jpg", "unit_price_raw": "kr 199,52 per kg", "product_url": "https://kolonial.no/produkter/16185-findus-torsk-gourmet/", "kolonial_id": "16185"},
  {"category": "Revet ost", "category_list": ["Alle varer", "Oster", "Revet ost"], "title": "Jarlsberg Revet", "price": 29.1, "product_variant": "200 g", "quantity_info": [[200.0, "g"]], "image_url": "/media/uploads/public/214/3/968003-83f34-product_list.jpg", "unit_price_raw": "kr 145,50 per kg", "product_url": "https://kolonial.no/produkter/8244-tine-jarlsberg-revet-tine-200g/", "kolonial_id": "8244"},
  {"category": "Baketilbeh\u00f8r", "category_list": ["Alle varer", "Mel og bakeingredienser", "Baketilbeh\u00f8r"], "title": "Kokesjokolade Dronning", "price": 32.2, "product_variant": "200 g", "quantity_info": [[200.0, "g"]], "image_url": "/media/uploads/public/30/118/964518-22839-product_list.jpg", "unit_price_raw": "kr 161,00 per kg", "product_url": "https://kolonial.no/produkter/7291-freia-kokesjokolade-dronning-200g/", "kolonial_id": "7291"},
  {"category": "Baketilbeh\u00f8r", "category_list": ["Alle varer", "Mel og bakeingredienser", "Baketilbeh\u00f8r"], "title": "Kokesjokolade M\u00f8rk", "price": 12.9, "product_variant": "100 g", "quantity_info": [[100.0, "g"]], "image_url": "/media/uploads/public/224/345/969945-7a5a1-product_list.jpg", "unit_price_raw": "kr 129,00 per kg", "product_url": "https://kolonial.no/produkter/8482-rema-1000-kokesjokolade-mork-100g/", "kolonial_id": "8482"},
  {"category": "Ferske br\u00f8d", "category_list": ["Alle varer", "Br\u00f8d og frokostblandinger", "Ferske br\u00f8d"], "title": "Gourmet Grovbr\u00f8d", "price": 29.9, "product_variant": "670 g", "quantity_info": [[670.0, "g"]], "image_url": "/media/uploads/public/78/244/702644-9c285-product_list.jpg", "unit_price_raw": "kr 44,63 per kg", "product_url": "https://kolonial.no/produkter/27464-brodverket-gourmet-grovbrod/", "kolonial_id": "27464"},
  {"category": "Hermetisert sj\u00f8mat", "category_list": ["Alle varer", "Fisk og sj\u00f8mat", "Hermetisert sj\u00f8mat"], "title": "Tunfisk Thai Chili", "price": 16.5, "product_variant": "85 g", "quantity_info": [[85.0, "g"]], "image_url": "/media/uploads/public/34/330/967130-47c5a-product_list.jpg", "unit_price_raw": "kr 194,12 per kg", "product_url": "https://kolonial.no/produkter/3412-king-oscar-tunfisk-thai-chili-85g/", "kolonial_id": "3412"},
  {"category": "Klesvask", "category_list": ["Alle varer", "T\u00f8rkepapir og vaskemidler", "Klesvask"], "title": "Omo Ultra Hvitt", "price": 44.9, "product_variant": "Flytende Refill, 490 ml", "quantity_info": [[490.0, "ml"]], "image_url": "/media/uploads/public/377/210/967810-c0569-product_list.jpg", "unit_price_raw": "kr 91,63 per l", "product_url": "https://kolonial.no/produkter/9011-omo-omo-ultra-hvitt-flytende-refill/", "kolonial_id": "9011"},
  {"category": "R\u00f8kt og gravet fisk", "category_list": ["Alle varer", "Fisk og sj\u00f8mat", "R\u00f8kt og gravet fisk"], "title": "Laks R\u00f8kt", "price": 35.0, "product_variant": "\u00d8kologisk, 100 g", "quantity_info": [[100.0, "g"]], "image_url": "/media/uploads/public/264/5/445605-2b530-product_list.jpg", "unit_price_raw": "kr 350,00 per kg", "product_url": "https://kolonial.no/produkter/26216-kolonihagen-laks-rokt-okologisk/", "kolonial_id": "26216"},
  {"category": "Fersk fisk", "category_list": ["Alle varer", "Fisk og sj\u00f8mat", "Fersk fisk"], "title": "\u00d8rretfilet med Skinn", "price": 54.9, "product_variant": "Domstein, \n                            \n\n                            Fersk, ca. 200 g", "quantity_info": [[200.0, "g"]], "image_url": "/media/uploads/public/110/358/152758-3efd4-product_list_large.jpg", "unit_price_raw": "kr 274,50 per kg", "product_url": "https://kolonial.no/produkter/24889-domstein-orretfilet-med-skinn-fersk/", "kolonial_id": "24889"},
  {"category": "Oljer og dressinger", "category_list": ["Alle varer", "Olje og krydder", "Oljer og dressinger"], "title": "Leonardi Balsamico", "price": 226.6, "product_variant": "8 \u00e5r, 250 ml", "quantity_info": [[8.0, "\u00e5r"], [250.0, "ml"]], "image_url": "/media/uploads/public/0/107/13307-7d5b9-product_list.jpg", "unit_price_raw": "kr 906,40 per l", "product_url": "https://kolonial.no/produkter/9890-leonardi-balsamico-8-ar/", "kolonial_id": "9890"},
  {"category": "Ferdigmikser", "category_list": ["Alle varer", "Mel og bakeingredienser", "Ferdigmikser"], "title": "Muffins Mix", "price": 36.1, "product_variant": "Sjokolade, 340 g", "quantity_info": [[340.0, "g"]], "image_url": "/media/uploads/public/9/59/987659-912b1-product_list.jpg", "unit_price_raw": "kr 106,18 per kg", "product_url": "https://kolonial.no/produkter/10-toro-muffins-mix-sjokolade-340g/", "kolonial_id": "10"},
  {"category": "Storfe", "category_list": ["Alle varer", "Kj\u00f8tt og kylling", "Storfe"], "title": "Oksehaler", "price": 122.7, "product_variant": "Fryst, Str\u00f8m-Larsen, 1 kg", "quantity_info": [[1.0, "kg"]], "image_url": "/media/uploads/public/0/224/40224-ed135-product_list.jpg", "unit_price_raw": "kr 122,70 per kg", "product_url": "https://kolonial.no/produkter/15256-strom-larsen-oksehaler-fryst-strom-larsen/", "kolonial_id": "15256"},
  {"category": "Storfe", "category_list": ["Alle varer", "Kj\u00f8tt og kylling", "Storfe"], "title": "Storfe Indrefilet", "price": 199.0, "product_variant": "ca. 310 g", "quantity_info": [[310.0, "g"]], "image_url": "/media/uploads/public/37/167/916167-a63eb-product_list.jpg", "unit_price_raw": "kr 641,94 per kg", "product_url": "https://kolonial.no/produkter/25801-gilde-storfe-indrefilet/", "kolonial_id": "25801"},
  {"category": "Potter og Vaser", "category_list": ["Alle varer", "Blomster og planter", "Potter og Vaser"], "title": "Vase Sylinder 25cm", "price": 125.0, "product_variant": "1 stk", "quantity_info": [[1.0, "stk"]], "image_url": "/media/uploads/public/61/231/1003431-64547-product_list.jpg", "unit_price_raw": "kr 125,00 per stk", "product_url": "https://kolonial.no/produkter/28009-vase-sylinder-25cm-1-stk/", "kolonial_id": "28009"},
  {"category": "P\u00f8lsebr\u00f8d, hamburgerbr\u00f8d og boller", "category_list": ["Alle varer", "Br\u00f8d og frokostblandinger", "P\u00f8lsebr\u00f8d, hamburgerbr\u00f8d og boller"], "title": "Lille H\u00f8vding P\u00f8lsebr\u00f8d", "price": 14.6, "product_variant": "10stk, 300 g", "quantity_info": [[10.0, "stk"], [300.0, "g"]], "image_url": "/media/uploads/public/310/371/973571-fd037-product_list.jpg", "unit_price_raw": "kr 48,67 per kg", "product_url": "https://kolonial.no/produkter/4207-hatting-lille-hovding-polsebrod-10stk/", "kolonial_id": "4207"},
  {"category": "P\u00f8lsebr\u00f8d, hamburgerbr\u00f8d og boller", "category_list": ["Alle varer", "Br\u00f8d og frokostblandinger", "P\u00f8lsebr\u00f8d, hamburgerbr\u00f8d og boller"], "title": "P\u00f8lsebr\u00f8d", "price": 9.9, "product_variant": "8stk, 1 stk", "quantity_info": [[8.0, "stk"], [1.0, "stk"]], "image_url": "/media/uploads/public/149/336/973536-de1cb-product_list.jpg", "unit_price_raw": "kr 9,90 per stk", "product_url": "https://kolonial.no/produkter/8342-rema-1000-polsebrod-8stk/", "kolonial_id": "8342"},
  {"category": "Frokostblandinger og gryn", "category_list": ["Alle varer", "Br\u00f8d og frokostblandinger", "Frokostblandinger og gryn"], "title": "Weetos Choco", "price": 42.0, "product_variant": "375 g", "quantity_info": [[375.0, "g"]], "image_url": "/media/uploads/public/110/324/972324-ddc6f-product_list.jpg", "unit_price_raw": "kr 112,00 per kg", "product_url": "https://kolonial.no/produkter/5908-weetos-weetos-choco-375g/", "kolonial_id": "5908"},
  {"category": "Bursdag", "category_list": ["Alle varer", "Barneprodukter", "Bursdag"], "title": "Godteposer Rosa", "price": 52.4, "product_variant": "8 stk", "quantity_info": [[8.0, "stk"]], "image_url": "/media/uploads/public/358/13/130413-39e84-product_list.jpg", "unit_price_raw": "kr 6,55 per stk", "product_url": "https://kolonial.no/produkter/23559-festligeting-godteposer-rosa/", "kolonial_id": "23559"},
  {"category": "Frosne br\u00f8d og rundstykker", "category_list": ["Alle varer", "Br\u00f8d og frokostblandinger", "Frosne br\u00f8d og rundstykker"], "title": "Gourmetstykker", "price": 43.5, "product_variant": "7stk, 437,5 g", "quantity_info": [[7.0, "stk"], [437.5, "g"]], "image_url": "/media/uploads/public/349/70/967270-27fe3-product_list.jpg", "unit_price_raw": "kr 99,43 per kg", "product_url": "https://kolonial.no/produkter/202-hatting-gourmetstykker-7stk/", "kolonial_id": "202"},
  {"category": "Smokker og t\u00e5teflasker", "category_list": ["Alle varer", "Barneprodukter", "Smokker og t\u00e5teflasker"], "title": "Avent Kopp", "price": 68.9, "product_variant": "Tilfeldig Farge, 200ml, 1 stk", "quantity_info": [[200.0, "ml"], [1.0, "stk"]], "image_url": "/media/uploads/public/7/260/967460-6f96d-product_list.jpg", "unit_price_raw": "kr 68,90 per stk", "product_url": "https://kolonial.no/produkter/14125-philips-avent-kopp-tilfeldig-farge-200ml/", "kolonial_id": "14125"},
  {"category": "Smokker og t\u00e5teflasker", "category_list": ["Alle varer", "Barneprodukter", "Smokker og t\u00e5teflasker"], "title": "Kopp", "price": 75.2, "product_variant": "Assorterte farger, S\u00f8lefri, 1 stk", "quantity_info": [[1.0, "stk"]], "image_url": "/media/uploads/public/6/67/966067-4a31c-product_list.jpg", "unit_price_raw": "kr 75,20 per stk", "product_url": "https://kolonial.no/produkter/799-bambino-kopp-assorterte-farger-solefri/", "kolonial_id": "799"},
  {"category": "Supper", "category_list": ["Alle varer", "Middager og tilbeh\u00f8r", "Supper"], "title": "Tomatsuppe Chunky", "price": 42.6, "product_variant": "475 g", "quantity_info": [[475.0, "g"]], "image_url": "/media/uploads/public/184/96/973296-44895-product_list.jpg", "unit_price_raw": "kr 89,68 per kg", "product_url": "https://kolonial.no/produkter/27345-toro-tomatsuppe-chunky/", "kolonial_id": "27345"},
  {"category": "Knekkebr\u00f8d", "category_list": ["Alle varer", "Br\u00f8d og frokostblandinger", "Knekkebr\u00f8d"], "title": "Knekkebr\u00f8d Naturell", "price": 43.5, "product_variant": "Gluten- og laktosefritt, 240 g", "quantity_info": [[240.0, "g"]], "image_url": "/media/uploads/public/382/317/972717-fe170-product_list.jpg", "unit_price_raw": "kr 181,25 per kg", "product_url": "https://kolonial.no/produkter/1038-wasa-knekkebrod-naturell-gluten-og-laktosefritt/", "kolonial_id": "1038"},
  {"category": "Langtidsholdbare br\u00f8d", "category_list": ["Alle varer", "Br\u00f8d og frokostblandinger", "Langtidsholdbare br\u00f8d"], "title": "Rasker", "price": 43.9, "product_variant": "1200 g", "quantity_info": [[1200.0, "g"]], "image_url": "/media/uploads/public/19/128/966928-953d9-product_list.jpg", "unit_price_raw": "kr 36,58 per kg", "product_url": "https://kolonial.no/produkter/3316-pagen-rasker-1200g/", "kolonial_id": "3316"},
  {"category": "V\u00e5tservietter og s\u00e5pe", "category_list": ["Alle varer", "Barneprodukter", "V\u00e5tservietter og s\u00e5pe"], "title": "Lotion Lommet\u00f8rkler", "price": 31.7, "product_variant": "10 stk", "quantity_info": [[10.0, "stk"]], "image_url": "/media/uploads/public/120/341/164741-2c755-product_list.jpg", "unit_price_raw": "kr 3,17 per stk", "product_url": "https://kolonial.no/produkter/24973-lotus-lotion-lommetorkler/", "kolonial_id": "24973"},
  {"category": "V\u00e5tservietter og s\u00e5pe", "category_list": ["Alle varer", "Barneprodukter", "V\u00e5tservietter og s\u00e5pe"], "title": "Lommeletter", "price": 17.0, "product_variant": "15 stk", "quantity_info": [[15.0, "stk"]], "image_url": "/media/uploads/public/232/274/966274-6fcbe-product_list.jpg", "unit_price_raw": "kr 1,13 per stk", "product_url": "https://kolonial.no/produkter/5263-soft-style-lommeletter-15-pakker/", "kolonial_id": "5263"},
  {"category": "Pasta og nudler", "category_list": ["Alle varer", "Middager og tilbeh\u00f8r", "Pasta og nudler"], "title": "Spaghetti Fullkorn", "price": 35.9, "product_variant": "1 kg", "quantity_info": [[1.0, "kg"]], "image_url": "/media/uploads/public/41/40/973640-6f32d-product_list.jpg", "unit_price_raw": "kr 35,90 per kg", "product_url": "https://kolonial.no/produkter/27489-barilla-spaghetti-fullkorn/", "kolonial_id": "27489"},
  {"category": "Batterier", "category_list": ["Alle varer", "Husholdning og tekstil", "Batterier"], "title": "Batteri D Plus Power", "price": 42.1, "product_variant": "2 stk", "quantity_info": [[2.0, "stk"]], "image_url": "/media/uploads/public/128/373/156373-30796-product_list.jpg", "unit_price_raw": "kr 21,05 per stk", "product_url": "https://kolonial.no/produkter/25103-duracell-batteri-d-plus-power/", "kolonial_id": "25103"},
  {"category": "Hermetisert frukt og gr\u00f8nt", "category_list": ["Alle varer", "Frukt og gr\u00f8nt", "Hermetisert frukt og gr\u00f8nt"], "title": "Maiskorn", "price": 15.9, "product_variant": "3x198g, 594 g", "quantity_info": [[3.0, "x"], [198.0, "g"], [594.0, "g"]], "image_url": "/media/uploads/public/288/363/968363-4aa61-product_list.jpg", "unit_price_raw": "kr 26,77 per kg", "product_url": "https://kolonial.no/produkter/8488-rema-1000-maiskorn-3x198g/", "kolonial_id": "8488"},
  {"category": "Diverse husholdning", "category_list": ["Alle varer", "Husholdning og tekstil", "Diverse husholdning"], "title": "Kaffefilter", "price": 20.9, "product_variant": "St\u00f8rrelse 4, 200 stk", "quantity_info": [[4.2, "stk"]], "image_url": "/media/uploads/public/0/133/98533-d6f7a-product_list.jpg", "unit_price_raw": "kr 0,10 per stk", "product_url": "https://kolonial.no/produkter/22285-kaffefilter-storrelse-4/", "kolonial_id": "22285"},
  {"category": "Undert\u00f8y", "category_list": ["Alle varer", "Husholdning og tekstil", "Undert\u00f8y"], "title": "Basic Socks Black", "price": 68.9, "product_variant": "5 par, Str. 41-45, 5 stk", "quantity_info": [[5.0, "parStr"], [41.0, ""], [45.5, "stk"]], "image_url": "/media/uploads/public/0/43/15643-e21be-product_list.jpg", "unit_price_raw": "kr 13,78 per stk", "product_url": "https://kolonial.no/produkter/11167-pierre-robert-basic-socks-black-5-par-str-41-45/", "kolonial_id": "11167"},
  {"category": "Undert\u00f8y", "category_list": ["Alle varer", "Husholdning og tekstil", "Undert\u00f8y"], "title": "Hold In Black", "price": 95.2, "product_variant": "Str. 36-40, 1 stk", "quantity_info": [[36.0, ""], [40.1, "stk"]], "image_url": "/media/uploads/public/0/130/15730-baf2a-product_list.jpg", "unit_price_raw": "kr 95,20 per stk", "product_url": "https://kolonial.no/produkter/11155-pierre-robert-hold-black-str-36-40/", "kolonial_id": "11155"},
  {"category": "Kj\u00f8ttdeig og karbonadedeig", "category_list": ["Alle varer", "Kj\u00f8tt og kylling", "Kj\u00f8ttdeig og karbonadedeig"], "title": "Karbonadedeig \u00d8kologisk", "price": 100.0, "product_variant": "Str\u00f8m-Larsen, 400 g", "quantity_info": [[400.0, "g"]], "image_url": "/media/uploads/public/0/142/40542-630c9-product_list.jpg", "unit_price_raw": "kr 250,00 per kg", "product_url": "https://kolonial.no/produkter/15247-strom-larsen-karbonadedeig-okologisk-strom-larsen/", "kolonial_id": "15247"},
  {"category": "Urter og spirer", "category_list": ["Alle varer", "Frukt og gr\u00f8nt", "Urter og spirer"], "title": "Spiresnacks, Mix av B\u00f8nner, Erter & Linser", "price": 30.9, "product_variant": "Norge, 100 g", "quantity_info": [[100.0, "g"]], "image_url": "/media/uploads/public/198/121/613321-95707-product_list.jpg", "unit_price_raw": "kr 309,00 per kg", "product_url": "https://kolonial.no/produkter/26470-spiresnacks-mix-av-bonner-erter-linser-norge/", "kolonial_id": "26470"},
  {"category": "Svin", "category_list": ["Alle varer", "Kj\u00f8tt og kylling", "Svin"], "title": "Edelgris Nakkekotelett", "price": 80.3, "product_variant": "850 g", "quantity_info": [[850.0, "g"]], "image_url": "/media/uploads/public/237/332/372332-83562-product_list.jpg", "unit_price_raw": "kr 94,47 per kg", "product_url": "https://kolonial.no/produkter/25982-gilde-edelgris-nakkekotelett/", "kolonial_id": "25982"},
  {"category": "Svin", "category_list": ["Alle varer", "Kj\u00f8tt og kylling", "Svin"], "title": "Nakkefilet Tynnsk\u00e5ret", "price": 70.9, "product_variant": "400 g", "quantity_info": [[400.0, "g"]], "image_url": "/media/uploads/public/158/53/373253-ef30e-product_list.jpg", "unit_price_raw": "kr 177,25 per kg", "product_url": "https://kolonial.no/produkter/26002-rema-1000-nakkefilet-tynnskaret/", "kolonial_id": "26002"},
  {"category": "Ferdige middagsretter", "category_list": ["Alle varer", "Middager og tilbeh\u00f8r", "Ferdige middagsretter"], "title": "Lasagne Velbekomme", "price": 86.9, "product_variant": "418 g", "quantity_info": [[418.0, "g"]], "image_url": "/media/uploads/public/199/323/966723-e7bf2-product_list.jpg", "unit_price_raw": "kr 207,89 per kg", "product_url": "https://kolonial.no/produkter/4522-toro-lasagne-velbekomme-400g/", "kolonial_id": "4522"},
  {"category": "Ferdige middagsretter", "category_list": ["Alle varer", "Middager og tilbeh\u00f8r", "Ferdige middagsretter"], "title": "Spaghetti med Kj\u00f8ttboller", "price": 56.4, "product_variant": "400 g", "quantity_info": [[400.0, "g"]], "image_url": "/media/uploads/public/193/63/188063-2a740-product_list.jpg", "unit_price_raw": "kr 141,00 per kg", "product_url": "https://kolonial.no/produkter/25348-toro-spaghetti-med-kjottboller/", "kolonial_id": "25348"},
  {"category": "Ferdigsauser", "category_list": ["Alle varer", "Middager og tilbeh\u00f8r", "Ferdigsauser"], "title": "Bearnaise Hot", "price": 32.6, "product_variant": "230 ml", "quantity_info": [[230.0, "ml"]], "image_url": "/media/uploads/public/106/338/971938-62dcf-product_list.jpg", "unit_price_raw": "kr 141,74 per l", "product_url": "https://kolonial.no/produkter/19378-lohmanders-bearnaise-hot/", "kolonial_id": "19378"},
  {"category": "P\u00f8lser", "category_list": ["Alle varer", "Kj\u00f8tt og kylling", "P\u00f8lser"], "title": "Grillp\u00f8lser Lange", "price": 60.9, "product_variant": "3 stk, 300 g", "quantity_info": [[3.0, "stk"], [300.0, "g"]], "image_url": "/media/uploads/public/0/282/88282-7b78d-product_list.jpg", "unit_price_raw": "kr 203,00 per kg", "product_url": "https://kolonial.no/produkter/20227-strom-larsen-grillpolser-lange-strom-larsen/", "kolonial_id": "20227"},
  {"category": "Kontor", "category_list": ["Alle varer", "Husholdning og tekstil", "Kontor"], "title": "Blyanter", "price": 26.9, "product_variant": "4 stk", "quantity_info": [[4.0, "stk"]], "image_url": "/media/uploads/public/76/255/972255-f4cfb-product_list.jpg", "unit_price_raw": "kr 6,73 per stk", "product_url": "https://kolonial.no/produkter/10283-blyanter-4-stk/", "kolonial_id": "10283"},
  {"category": "Fr\u00f8, n\u00f8tter og t\u00f8rket frukt", "category_list": ["Alle varer", "Frukt og gr\u00f8nt", "Fr\u00f8, n\u00f8tter og t\u00f8rket frukt"], "title": "Traneb\u00e6r, Pecan & Pistasj", "price": 42.1, "product_variant": "70 g", "quantity_info": [[70.0, "g"]], "image_url": "/media/uploads/public/360/70/974070-151d4-product_list.jpg", "unit_price_raw": "kr 601,43 per kg", "product_url": "https://kolonial.no/produkter/12991-den-lille-nottefabrikken-tranebaer-pecan-pistasj-7/", "kolonial_id": "12991"},
  {"category": "Kj\u00f8ttboller og karbonader", "category_list": ["Alle varer", "Kj\u00f8tt og kylling", "Kj\u00f8ttboller og karbonader"], "title": "Karbonader Ferske", "price": 45.6, "product_variant": "800 g", "quantity_info": [[800.0, "g"]], "image_url": "/media/uploads/public/259/211/156611-d6576-product_list.jpg", "unit_price_raw": "kr 57,00 per kg", "product_url": "https://kolonial.no/produkter/4684-best-pris-karbonader-ferske-800g/", "kolonial_id": "4684"},
  {"category": "Kj\u00f8ttboller og karbonader", "category_list": ["Alle varer", "Kj\u00f8tt og kylling", "Kj\u00f8ttboller og karbonader"], "title": "Kj\u00f8ttboller Spanske", "price": 50.5, "product_variant": "250 g", "quantity_info": [[250.0, "g"]], "image_url": "/media/uploads/public/0/8/116008-ee3f1-product_list.jpg", "unit_price_raw": "kr 202,00 per kg", "product_url": "https://kolonial.no/produkter/23161-finsbraten-kjottboller-spanske/", "kolonial_id": "23161"},
  {"category": "Kj\u00f8kkenredskap", "category_list": ["Alle varer", "Husholdning og tekstil", "Kj\u00f8kkenredskap"], "title": "Osteh\u00f8vel", "price": 52.9, "product_variant": "1 stk", "quantity_info": [[1.0, "stk"]], "image_url": "/media/uploads/public/117/352/973552-ffc19-product_list.jpg", "unit_price_raw": "kr 52,90 per stk", "product_url": "https://kolonial.no/produkter/10169-ostehovel/", "kolonial_id": "10169"},
  {"category": "Engangs og Servietter", "category_list": ["Alle varer", "Husholdning og tekstil", "Engangs og Servietter"], "title": "Papptallerken", "price": 25.8, "product_variant": "18 cm, 25 stk", "quantity_info": [[18.0, "cm"], [25.0, "stk"]], "image_url": "/media/uploads/public/0/148/22948-47336-product_list.jpg", "unit_price_raw": "kr 1,03 per stk", "product_url": "https://kolonial.no/produkter/11833-papptallerken-18-cm-25-stk/", "kolonial_id": "11833"},
  {"category": "Salater og k\u00e5l", "category_list": ["Alle varer", "Frukt og gr\u00f8nt", "Salater og k\u00e5l"], "title": "Kinak\u00e5l", "price": 25.9, "product_variant": "Norge, 1 stk", "quantity_info": [[1.0, "stk"]], "image_url": "/media/uploads/public/0/74/12074-7baa6-product_list.jpg", "unit_price_raw": "kr 37,00 per kg", "product_url": "https://kolonial.no/produkter/9362-kinakal-norge/", "kolonial_id": "9362"},
  {"category": "Gr\u00f8nnsaker", "category_list": ["Alle varer", "Frukt og gr\u00f8nt", "Gr\u00f8nnsaker"], "title": "\u00d8kologiske Cherrytomater", "price": 40.9, "product_variant": "Holland, 250 g", "quantity_info": [[250.0, "g"]], "image_url": "/media/uploads/public/0/86/92086-22902-product_list.jpg", "unit_price_raw": "kr 163,60 per kg", "product_url": "https://kolonial.no/produkter/19447-okologiske-cherrytomater-holland/", "kolonial_id": "19447"},
  {"category": "Frukt", "category_list": ["Alle varer", "Frukt og gr\u00f8nt", "Frukt"], "title": "Mango", "price": 42.9, "product_variant": "Spisemoden, Brasil, 2 stk", "quantity_info": [[2.0, "stk"]], "image_url": "/media/uploads/public/92/292/122692-aa7a9-product_list.jpg", "unit_price_raw": "kr 51,07 per kg", "product_url": "https://kolonial.no/produkter/9431-mango-spisemoden-brasil/", "kolonial_id": "9431"},
  {"category": "Frossen frukt og gr\u00f8nt", "category_list": ["Alle varer", "Frukt og gr\u00f8nt", "Frossen frukt og gr\u00f8nt"], "title": "Klassisk Wokblanding", "price": 23.8, "product_variant": "500 g", "quantity_info": [[500.0, "g"]], "image_url": "/media/uploads/public/286/245/970245-8e461-product_list.jpg", "unit_price_raw": "kr 47,60 per kg", "product_url": "https://kolonial.no/produkter/16510-rema-1000-klassisk-wokblanding/", "kolonial_id": "16510"},
  {"category": "Frossen frukt og gr\u00f8nt", "category_list": ["Alle varer", "Frukt og gr\u00f8nt", "Frossen frukt og gr\u00f8nt"], "title": "Lapskausblanding Grov", "price": 24.1, "product_variant": "750 g", "quantity_info": [[750.0, "g"]], "image_url": "/media/uploads/public/166/262/969462-dca76-product_list.jpg", "unit_price_raw": "kr 32,13 per kg", "product_url": "https://kolonial.no/produkter/18229-rema-1000-lapskausblanding-grov/", "kolonial_id": "18229"},
  {"category": "Middags-kit og gryteretter", "category_list": ["Alle varer", "Middager og tilbeh\u00f8r", "Middags-kit og gryteretter"], "title": "Bolognesegryte Med Basilikum", "price": 44.9, "product_variant": "171 g", "quantity_info": [[171.0, "g"]], "image_url": "/media/uploads/public/307/206/965406-23837-product_list.jpg", "unit_price_raw": "kr 262,57 per kg", "product_url": "https://kolonial.no/produkter/6352-toro-bolognesegryte-med-basilikum/", "kolonial_id": "6352"},
  {"category": "Ris og gryn", "category_list": ["Alle varer", "Middager og tilbeh\u00f8r", "Ris og gryn"], "title": "Bulgur Hvete", "price": 67.9, "product_variant": "500 g", "quantity_info": [[500.0, "g"]], "image_url": "/media/uploads/public/378/144/186144-8cfa6-product_list.jpg", "unit_price_raw": "kr 135,80 per kg", "product_url": "https://kolonial.no/produkter/8852-tipak-bulgur-hvete-500g/", "kolonial_id": "8852"},
  {"category": "Posesauser", "category_list": ["Alle varer", "Middager og tilbeh\u00f8r", "Posesauser"], "title": "Spaghettisaus", "price": 34.4, "product_variant": "\u00d8konomipakke, 4 poser, 216 g", "quantity_info": [[4.0, "poser"], [216.0, "g"]], "image_url": "/media/uploads/public/22/250/973450-45faf-product_list.jpg", "unit_price_raw": "kr 159,26 per kg", "product_url": "https://kolonial.no/produkter/6442-toro-spaghettisaus-okonomipakke-4-poser/", "kolonial_id": "6442"},
  {"category": "Middagstilbeh\u00f8r", "category_list": ["Alle varer", "Middager og tilbeh\u00f8r", "Middagstilbeh\u00f8r"], "title": "Spr\u00f8stekt L\u00f8k", "price": 12.9, "product_variant": "PS, 100 g", "quantity_info": [[100.0, "g"]], "image_url": "/media/uploads/public/31/58/965258-9bb3f-product_list.jpg", "unit_price_raw": "kr 129,00 per kg", "product_url": "https://kolonial.no/produkter/723-stabburet-sprostekt-lok-100g/", "kolonial_id": "723"},
  {"category": "Middagstilbeh\u00f8r", "category_list": ["Alle varer", "Middager og tilbeh\u00f8r", "Middagstilbeh\u00f8r"], "title": "Sukkerkul\u00f8r Flytende", "price": 20.6, "product_variant": "90 g", "quantity_info": [[90.0, "g"]], "image_url": "/media/uploads/public/0/313/965513-a2dc9-product_list.jpg", "unit_price_raw": "kr 228,89 per kg", "product_url": "https://kolonial.no/produkter/10676-toro-sukkerkulor-flytende-90g/", "kolonial_id": "10676"},
  {"category": "Lys", "category_list": ["Alle varer", "Husholdning og tekstil", "Lys"], "title": "EcoClassic 18w Mignon 240v E14", "price": 40.5, "product_variant": "1 stk", "quantity_info": [[1.0, "stk"]], "image_url": "/media/uploads/public/0/159/115759-d3255-product_list.jpg", "unit_price_raw": "kr 40,50 per stk", "product_url": "https://kolonial.no/produkter/10556-philips-ecoclassic-18w-mignon-240v-e14-1-stk/", "kolonial_id": "10556"},
  {"category": "Kylling, kalkun og and", "category_list": ["Alle varer", "Kj\u00f8tt og kylling", "Kylling, kalkun og and"], "title": "Kyllingfilet Strimlet", "price": 62.6, "product_variant": "300 g", "quantity_info": [[300.0, "g"]], "image_url": "/media/uploads/public/7/154/708954-669df-product_list.jpg", "unit_price_raw": "kr 208,67 per kg", "product_url": "https://kolonial.no/produkter/24440-stanges-gardsprodukter-kyllingfilet-strimlet/", "kolonial_id": "24440"},
  {"category": "Bacon og tilbeh\u00f8r", "category_list": ["Alle varer", "Kj\u00f8tt og kylling", "Bacon og tilbeh\u00f8r"], "title": "Bacon Ternet", "price": 70.9, "product_variant": "Fryst, 500 g", "quantity_info": [[500.0, "g"]], "image_url": "/media/uploads/public/109/318/968718-704bb-product_list.jpg", "unit_price_raw": "kr 141,80 per kg", "product_url": "https://kolonial.no/produkter/16299-tulip-bacon-ternet-fryst/", "kolonial_id": "16299"},
  {"category": "Bacon og tilbeh\u00f8r", "category_list": ["Alle varer", "Kj\u00f8tt og kylling", "Bacon og tilbeh\u00f8r"], "title": "Fjordbacon", "price": 140.9, "product_variant": "ca. 700 g", "quantity_info": [[700.0, "g"]], "image_url": "/media/uploads/public/0/374/62374-ca0fa-product_list.jpg", "unit_price_raw": "kr 201,29 per kg", "product_url": "https://kolonial.no/produkter/18247-nordfjord-fjordbacon/", "kolonial_id": "18247"},
  {"category": "Morsmelkerstatning", "category_list": ["Alle varer", "Barneprodukter", "Morsmelkerstatning"], "title": "Combiotik Pulver 1", "price": 87.7, "product_variant": "Fra f\u00f8dselen, 450 g", "quantity_info": [[450.0, "g"]], "image_url": "/media/uploads/public/366/211/965811-26dc6-product_list.jpg", "unit_price_raw": "kr 194,89 per kg", "product_url": "https://kolonial.no/produkter/14251-hipp-combiotik-pulver-1-fra-fodselen-450g/", "kolonial_id": "14251"},
  {"category": "Smoothie, yoghurt og mellomm\u00e5ltid", "category_list": ["Alle varer", "Barneprodukter", "Smoothie, yoghurt og mellomm\u00e5ltid"], "title": "Lev Vel Smoothie Tropisk Frukt", "price": 12.1, "product_variant": "Fra 6 mnd, 90 g", "quantity_info": [[6.0, "mnd"], [90.0, "g"]], "image_url": "/media/uploads/public/62/291/972291-d8c38-product_list.jpg", "unit_price_raw": "kr 134,44 per kg", "product_url": "https://kolonial.no/produkter/25847-rema-1000-lev-vel-smoothie-tropisk-frukt-fra-6-mnd/", "kolonial_id": "25847"},
  {"category": "Middagsglass", "category_list": ["Alle varer", "Barneprodukter", "Middagsglass"], "title": "Couscous med Kylling", "price": 20.1, "product_variant": "Fra 8 mnd, 195 g", "quantity_info": [[8.0, "mnd"], [195.0, "g"]], "image_url": "/media/uploads/public/391/29/973229-38959-product_list.jpg", "unit_price_raw": "kr 103,08 per kg", "product_url": "https://kolonial.no/produkter/11230-nestle-couscous-med-kylling-fra-8-mnd/", "kolonial_id": "11230"},
  {"category": "Julens middagstilbeh\u00f8r", "category_list": ["Alle varer", "Middager og tilbeh\u00f8r", "Julens middagstilbeh\u00f8r"], "title": "R\u00f8dk\u00e5l", "price": 6.9, "product_variant": "450 g", "quantity_info": [[450.0, "g"]], "image_url": "/media/uploads/public/163/300/965100-8ab50-product_list.jpg", "unit_price_raw": "kr 15,33 per kg", "product_url": "https://kolonial.no/produkter/8776-rema-1000-rodkal/", "kolonial_id": "8776"},
  {"category": "Poser og folie", "category_list": ["Alle varer", "Husholdning og tekstil", "Poser og folie"], "title": "Glad Plastfolie", "price": 36.1, "product_variant": "60 m", "quantity_info": [[60.0, "m"]], "image_url": "/media/uploads/public/355/148/186148-9e221-product_list.jpg", "unit_price_raw": "kr 0,60 per m", "product_url": "https://kolonial.no/produkter/15885-plastfolie-glad/", "kolonial_id": "15885"},
  {"category": "Poser og folie", "category_list": ["Alle varer", "Husholdning og tekstil", "Poser og folie"], "title": "Matpapir", "price": 23.9, "product_variant": "50 m", "quantity_info": [[50.0, "m"]], "image_url": "/media/uploads/public/288/77/973677-dd2fa-product_list.jpg", "unit_price_raw": "kr 0,48 per m", "product_url": "https://kolonial.no/produkter/5317-soft-style-matpapir-50m/", "kolonial_id": "5317"},
  {"category": "Rulletobakk", "category_list": ["Alle varer", "Snus og tobakk", "Rulletobakk"], "title": "Eventyr 3 R\u00f8yketobakk", "price": 239.9, "product_variant": "50 g", "quantity_info": [[50.0, "g"]], "image_url": "https://kolonial.no/static/products/img/placeholder.bffcea8d3530.png", "unit_price_raw": "kr 4798,00 per kg", "product_url": "https://kolonial.no/produkter/15510-eventyr-3-royketobakk/", "kolonial_id": "15510"},
  {"category": "Gr\u00f8t", "category_list": ["Alle varer", "Barneprodukter", "Gr\u00f8t"], "title": "Min Gr\u00f8t Fullkorn Eple Gulrot", "price": 71.5, "product_variant": "Fra 8 mnd, 480 g", "quantity_info": [[8.0, "mnd"], [480.0, "g"]], "image_url": "/media/uploads/public/122/383/636783-ff361-product_list.jpg", "unit_price_raw": "kr 148,96 per kg", "product_url": "https://kolonial.no/produkter/26922-nestle-min-grot-fullkorn-eple-gulrot-fra-8-mnd/", "kolonial_id": "26922"},
  {"category": "Honning og s\u00f8tp\u00e5legg", "category_list": ["Alle varer", "P\u00e5legg", "Honning og s\u00f8tp\u00e5legg"], "title": "Fjellhonning", "price": 66.6, "product_variant": "Flytende, 350 g", "quantity_info": [[350.0, "g"]], "image_url": "/media/uploads/public/236/7/972007-2c96a-product_list.jpg", "unit_price_raw": "kr 190,29 per kg", "product_url": "https://kolonial.no/produkter/6643-honningsentralen-fjellhonning-flytende-350g/", "kolonial_id": "6643"},
  {"category": "Honning og s\u00f8tp\u00e5legg", "category_list": ["Alle varer", "P\u00e5legg", "Honning og s\u00f8tp\u00e5legg"], "title": "Blomsterhonning M\u00f8rk", "price": 68.9, "product_variant": "700 g", "quantity_info": [[700.0, "g"]], "image_url": "/media/uploads/public/37/76/296076-ec82a-product_list.jpg", "unit_price_raw": "kr 98,43 per kg", "product_url": "https://kolonial.no/produkter/25460-honningsentralen-blomsterhonning-mork/", "kolonial_id": "25460"},
  {"category": "Snus", "category_list": ["Alle varer", "Snus og tobakk", "Snus"], "title": "General Extra Strong Org Ps", "price": 94.9, "product_variant": "24 g", "quantity_info": [[24.0, "g"]], "image_url": "https://kolonial.no/static/products/img/placeholder.bffcea8d3530.png", "unit_price_raw": "kr 3954,17 per kg", "product_url": "https://kolonial.no/produkter/860-general-general-extra-strong-org-ps/", "kolonial_id": "860"},
  {"category": "Sigaretter", "category_list": ["Alle varer", "Snus og tobakk", "Sigaretter"], "title": "Kent Surround Green", "price": 117.9, "product_variant": "20 stk", "quantity_info": [[20.0, "stk"]], "image_url": "https://kolonial.no/static/products/img/placeholder.bffcea8d3530.png", "unit_price_raw": "kr 5,90 per stk", "product_url": "https://kolonial.no/produkter/3850-kent-kent-menthol-green-20-stk/", "kolonial_id": "3850"},
  {"category": "Salatp\u00e5legg", "category_list": ["Alle varer", "P\u00e5legg", "Salatp\u00e5legg"], "title": "R\u00f8dbetsalat", "price": 25.3, "product_variant": "200 g", "quantity_info": [[200.0, "g"]], "image_url": "/media/uploads/public/258/91/1004091-28c70-product_list.jpg", "unit_price_raw": "kr 126,50 per kg", "product_url": "https://kolonial.no/produkter/575-delikat-rodbetsalat-200g/", "kolonial_id": "575"},
  {"category": "Salatp\u00e5legg", "category_list": ["Alle varer", "P\u00e5legg", "Salatp\u00e5legg"], "title": "Rekesalat", "price": 42.8, "product_variant": "320 g", "quantity_info": [[320.0, "g"]], "image_url": "/media/uploads/public/105/81/1004081-98cc1-product_list.jpg", "unit_price_raw": "kr 133,75 per kg", "product_url": "https://kolonial.no/produkter/5008-delikat-rekesalat-350g/", "kolonial_id": "5008"},
  {"category": "Leverpostei", "category_list": ["Alle varer", "P\u00e5legg", "Leverpostei"], "title": "Leverpostei Ovnsbakt", "price": 26.3, "product_variant": "185 g", "quantity_info": [[185.0, "g"]], "image_url": "/media/uploads/public/157/97/968897-8f4d5-product_list.jpg", "unit_price_raw": "kr 142,16 per kg", "product_url": "https://kolonial.no/produkter/1118-mills-leverpostei-ovnsbakt-185g/", "kolonial_id": "1118"},
  {"category": "Majones og tubep\u00e5legg", "category_list": ["Alle varer", "P\u00e5legg", "Majones og tubep\u00e5legg"], "title": "Magerost Kylling", "price": 33.8, "product_variant": "Tube, 175 g", "quantity_info": [[175.0, "g"]], "image_url": "/media/uploads/public/85/7/970407-c726f-product_list.jpg", "unit_price_raw": "kr 193,14 per kg", "product_url": "https://kolonial.no/produkter/21466-kavli-magerost-kylling-tube/", "kolonial_id": "21466"},
  {"category": "Syltet\u00f8y", "category_list": ["Alle varer", "P\u00e5legg", "Syltet\u00f8y"], "title": "Eplesyltet\u00f8y", "price": 49.9, "product_variant": "160 g", "quantity_info": [[160.0, "g"]], "image_url": "/media/uploads/public/396/184/990984-47ecc-product_list.jpg", "unit_price_raw": "kr 311,88 per kg", "product_url": "https://kolonial.no/produkter/27983-lien-gard-eplesyltetoy/", "kolonial_id": "27983"},
  {"category": "Fiskep\u00e5legg", "category_list": ["Alle varer", "P\u00e5legg", "Fiskep\u00e5legg"], "title": "R\u00f8kt Laks", "price": 98.8, "product_variant": "ca. 350 g", "quantity_info": [[350.0, "g"]], "image_url": "/media/uploads/public/0/164/8964-58cfe-product_list.jpg", "unit_price_raw": "kr 282,29 per kg", "product_url": "https://kolonial.no/produkter/4936-godehav-rokt-laks/", "kolonial_id": "4936"},
  {"category": "Kj\u00f8tt- og kyllingp\u00e5legg", "category_list": ["Alle varer", "P\u00e5legg", "Kj\u00f8tt- og kyllingp\u00e5legg"], "title": "B\u00f8ker\u00f8kt Herreg\u00e5rdsskinke", "price": 29.0, "product_variant": "100 g", "quantity_info": [[100.0, "g"]], "image_url": "/media/uploads/public/179/19/154819-1fcb9-product_list.jpg", "unit_price_raw": "kr 290,00 per kg", "product_url": "https://kolonial.no/produkter/4477-rema-1000-bokerokt-herregardsskinke/", "kolonial_id": "4477"},
  {"category": "Spekemat og salami", "category_list": ["Alle varer", "P\u00e5legg", "Spekemat og salami"], "title": "Peppersalami", "price": 44.5, "product_variant": "100 g", "quantity_info": [[100.0, "g"]], "image_url": "/media/uploads/public/380/304/970704-be223-product_list.jpg", "unit_price_raw": "kr 445,00 per kg", "product_url": "https://kolonial.no/produkter/21934-grilstad-peppersalami/", "kolonial_id": "21934"},
  {"category": "Kattemat", "category_list": ["Alle varer", "Dyremat", "Kattemat"], "title": "Latz Crunchy Crumbles Kj\u00f8tt", "price": 66.9, "product_variant": "12 stk, 1,2 kg", "quantity_info": [[12.0, "stk"], [1.2, "kg"]], "image_url": "/media/uploads/public/373/94/996094-4adff-product_list.jpg", "unit_price_raw": "kr 55,75 per kg", "product_url": "https://kolonial.no/produkter/26186-nestle-latz-crunchy-crumbles-kjott-12-stk/", "kolonial_id": "26186"},
  {"category": "Fl\u00f8te og r\u00f8mmeprodukter", "category_list": ["Alle varer", "Melk, meieriprodukter og egg", "Fl\u00f8te og r\u00f8mmeprodukter"], "title": "Q-lettr\u00f8mme", "price": 17.5, "product_variant": "300 g", "quantity_info": [[300.0, "g"]], "image_url": "/media/uploads/public/71/177/966977-a0fcd-product_list.jpg", "unit_price_raw": "kr 58,33 per kg", "product_url": "https://kolonial.no/produkter/3697-q-meieriene-q-lettromme-300g/", "kolonial_id": "3697"},
  {"category": "Yoghurt", "category_list": ["Alle varer", "Melk, meieriprodukter og egg", "Yoghurt"], "title": "Q Frokostyoghurt Bl\u00e5b\u00e6r", "price": 16.3, "product_variant": "125 g", "quantity_info": [[125.0, "g"]], "image_url": "/media/uploads/public/277/163/971363-1f491-product_list.jpg", "unit_price_raw": "kr 130,40 per kg", "product_url": "https://kolonial.no/produkter/20881-q-meieriene-q-frokostyoghurt-blabaer/", "kolonial_id": "20881"},
  {"category": "Sm\u00f8r og margarin", "category_list": ["Alle varer", "Melk, meieriprodukter og egg", "Sm\u00f8r og margarin"], "title": "Berit Nordstrand Sm\u00f8remyk", "price": 27.6, "product_variant": "250 g", "quantity_info": [[250.0, "g"]], "image_url": "/media/uploads/public/22/37/969637-b09d1-product_list.jpg", "unit_price_raw": "kr 110,40 per kg", "product_url": "https://kolonial.no/produkter/18865-synnove-berit-nordstrand-smoremyk/", "kolonial_id": "18865"},
  {"category": "Egg", "category_list": ["Alle varer", "Melk, meieriprodukter og egg", "Egg"], "title": "Frokostegg Fra Frittg\u00e5ende H\u00f8ner", "price": 46.8, "product_variant": "Str L, 12 stk", "quantity_info": [[12.0, "stk"]], "image_url": "/media/uploads/public/312/114/970114-ff44a-product_list.jpg", "unit_price_raw": "kr 52,00 per kg", "product_url": "https://kolonial.no/produkter/4972-solvinge-frokostegg-fra-frittgaende-honer-str-l-12/", "kolonial_id": "4972"},
  {"category": "Energidrikk", "category_list": ["Alle varer", "Drikkevarer", "Energidrikk"], "title": "Monster Assault", "price": 23.6, "product_variant": "0,5 l", "quantity_info": [[0.5, "l"]], "image_url": "/media/uploads/public/143/228/971028-ef291-product_list.jpg", "unit_price_raw": "kr 47,20 per l", "product_url": "https://kolonial.no/produkter/23299-monster-monster-assault/", "kolonial_id": "23299"},
  {"category": "Energidrikk", "category_list": ["Alle varer", "Drikkevarer", "Energidrikk"], "title": "Monster Energy", "price": 23.9, "product_variant": "0,5 l", "quantity_info": [[0.5, "l"]], "image_url": "/media/uploads/public/182/282/971082-d81b3-product_list.jpg", "unit_price_raw": "kr 47,80 per l", "product_url": "https://kolonial.no/produkter/23300-monster-energy-500ml-can-0-5-l/", "kolonial_id": "23300"},
  {"category": "Kakao og sjokoladepulver", "category_list": ["Alle varer", "Drikkevarer", "Kakao og sjokoladepulver"], "title": "Regia Lett Kakao", "price": 44.1, "product_variant": "10 stk", "quantity_info": [[10.0, "stk"]], "image_url": "/media/uploads/public/223/121/967321-fb809-product_list.jpg", "unit_price_raw": "kr 4,41 per stk", "product_url": "https://kolonial.no/produkter/14290-freia-regia-lett-kakao-10pk/", "kolonial_id": "14290"},
  {"category": "Te", "category_list": ["Alle varer", "Drikkevarer", "Te"], "title": "Spicy Indian Chai", "price": 49.4, "product_variant": "20 poser, 20 stk", "quantity_info": [[20.0, "poser"], [20.0, "stk"]], "image_url": "/media/uploads/public/76/252/967852-72ab7-product_list.jpg", "unit_price_raw": "kr 2,47 per stk", "product_url": "https://kolonial.no/produkter/11005-twinings-spicy-indian-chai-20-poser/", "kolonial_id": "11005"},
  {"category": "Kaffe", "category_list": ["Alle varer", "Drikkevarer", "Kaffe"], "title": "Frokostkaffe Koffeinfri", "price": 38.1, "product_variant": "Filtermalt, 250 g", "quantity_info": [[250.0, "g"]], "image_url": "/media/uploads/public/15/207/967407-3aa00-product_list.jpg", "unit_price_raw": "kr 152,40 per kg", "product_url": "https://kolonial.no/produkter/13642-friele-frokostkaffe-koffeinfri-filtermalt-250g/", "kolonial_id": "13642"},
  {"category": "Iste", "category_list": ["Alle varer", "Drikkevarer", "Iste"], "title": "Iste Guava", "price": 23.8, "product_variant": "0,5 l", "quantity_info": [[0.5, "l"]], "image_url": "/media/uploads/public/33/396/968396-3ed93-product_list.jpg", "unit_price_raw": "kr 47,60 per l", "product_url": "https://kolonial.no/produkter/12064-tine-iste-guava-05l/", "kolonial_id": "12064"},
  {"category": "Iste", "category_list": ["Alle varer", "Drikkevarer", "Iste"], "title": "Iste Lime", "price": 23.5, "product_variant": "0,5 l", "quantity_info": [[0.5, "l"]], "image_url": "/media/uploads/public/169/385/968385-1896e-product_list.jpg", "unit_price_raw": "kr 47,00 per l", "product_url": "https://kolonial.no/produkter/12061-tine-iste-lime-05l/", "kolonial_id": "12061"},
  {"category": "Saft", "category_list": ["Alle varer", "Drikkevarer", "Saft"], "title": "Appelsinsaft", "price": 46.3, "product_variant": "Uten Tilsatt Sukker, 0,9 l", "quantity_info": [[0.9, "l"]], "image_url": "/media/uploads/public/232/133/973733-e013e-product_list.jpg", "unit_price_raw": "kr 51,44 per l", "product_url": "https://kolonial.no/produkter/6703-lerum-appelsinsaft-uten-tilsatt-sukker-09l/", "kolonial_id": "6703"},
  {"category": "Smoothie", "category_list": ["Alle varer", "Drikkevarer", "Smoothie"], "title": "Smoothie Ananas, Banan & Kokos", "price": 40.9, "product_variant": "750 ml", "quantity_info": [[750.0, "ml"]], "image_url": "/media/uploads/public/244/347/142347-925b5-product_list.jpg", "unit_price_raw": "kr 54,53 per l", "product_url": "https://kolonial.no/produkter/24276-froosh-smoothie-ananas-banan-kokos/", "kolonial_id": "24276"},
  {"category": "Juice", "category_list": ["Alle varer", "Drikkevarer", "Juice"], "title": "Orange Juice Med Fruktkj\u00f8tt", "price": 39.4, "product_variant": "1 l", "quantity_info": [[1.0, "l"]], "image_url": "/media/uploads/public/98/357/164757-c2444-product_list.jpg", "unit_price_raw": "kr 39,40 per l", "product_url": "https://kolonial.no/produkter/25282-tropicana-orange-juice-med-fruktkjott/", "kolonial_id": "25282"},
  {"category": "Vann og mineralvann", "category_list": ["Alle varer", "Drikkevarer", "Vann og mineralvann"], "title": "Farris Naturell", "price": 22.5, "product_variant": "1,5 l", "quantity_info": [[1.5, "l"]], "image_url": "/media/uploads/public/0/125/6925-c4a83-product_list.jpg", "unit_price_raw": "kr 15,00 per l", "product_url": "https://kolonial.no/produkter/502-ringnes-farris-naturell-1-5l/", "kolonial_id": "502"},
  {"category": "Vann og mineralvann", "category_list": ["Alle varer", "Drikkevarer", "Vann og mineralvann"], "title": "Farris Sitron", "price": 24.5, "product_variant": "1,5 l", "quantity_info": [[1.5, "l"]], "image_url": "/media/uploads/public/0/122/6922-8fd18-product_list.jpg", "unit_price_raw": "kr 16,33 per l", "product_url": "https://kolonial.no/produkter/500-ringnes-farris-sitron-1-5l/", "kolonial_id": "500"},
  {"category": "Sm\u00f8reost og prim", "category_list": ["Alle varer", "Oster", "Sm\u00f8reost og prim"], "title": "Kremost", "price": 18.2, "product_variant": "Pepper, 125 g", "quantity_info": [[125.0, "g"]], "image_url": "/media/uploads/public/156/374/966774-a7d9e-product_list.jpg", "unit_price_raw": "kr 145,60 per kg", "product_url": "https://kolonial.no/produkter/432-tine-kremost-pepper-125g/", "kolonial_id": "432"},
  {"category": "Sm\u00f8reost og prim", "category_list": ["Alle varer", "Oster", "Sm\u00f8reost og prim"], "title": "Kremost", "price": 18.1, "product_variant": "Naturell, 125 g", "quantity_info": [[125.0, "g"]], "image_url": "/media/uploads/public/175/303/966703-412f3-product_list.jpg", "unit_price_raw": "kr 144,80 per kg", "product_url": "https://kolonial.no/produkter/431-tine-kremost-naturell-125g/", "kolonial_id": "431"},
  {"category": "Brunost", "category_list": ["Alle varer", "Oster", "Brunost"], "title": "Fl\u00f8temysost skivet", "price": 22.3, "product_variant": "130 g", "quantity_info": [[130.0, "g"]], "image_url": "/media/uploads/public/17/286/972286-eb66f-product_list.jpg", "unit_price_raw": "kr 171,54 per kg", "product_url": "https://kolonial.no/produkter/445-tine-flotemysost-skivet/", "kolonial_id": "445"},
  {"category": "Bleier", "category_list": ["Alle varer", "Barneprodukter", "Bleier"], "title": "Pampers Premium Protection New baby", "price": 15.3, "product_variant": "Str.1 2-5kg, 23 stk", "quantity_info": [[12.0, ""], [5.0, "kg"], [23.0, "stk"]], "image_url": "/media/uploads/public/118/242/970642-dbb9e-product_list.jpg", "unit_price_raw": "kr 0,67 per stk", "product_url": "https://kolonial.no/produkter/783-pampers-pampers-premium-protection-new-baby-str1-2/", "kolonial_id": "783"},
  {"category": "Spesialoster", "category_list": ["Alle varer", "Oster", "Spesialoster"], "title": "Michelangelo Parmesan", "price": 69.2, "product_variant": "200 g", "quantity_info": [[200.0, "g"]], "image_url": "/media/uploads/public/0/130/111730-6acd0-product_list.jpg", "unit_price_raw": "kr 346,00 per kg", "product_url": "https://kolonial.no/produkter/21577-michelangelo-parmesan/", "kolonial_id": "21577"},
  {"category": "Julens p\u00e5legg", "category_list": ["Alle varer", "P\u00e5legg", "Julens p\u00e5legg"], "title": "Vikingskinke", "price": 90.9, "product_variant": "Str\u00f8m-Larsen, 200 g", "quantity_info": [[200.0, "g"]], "image_url": "/media/uploads/public/387/102/137302-1c87a-product_list.jpg", "unit_price_raw": "kr 454,50 per kg", "product_url": "https://kolonial.no/produkter/18454-strom-larsen-vikingskinke-strom-larsen/", "kolonial_id": "18454"},
  {"category": "Brus", "category_list": ["Alle varer", "Drikkevarer", "Brus"], "title": "Coca-Cola", "price": 33.9, "product_variant": "1,5 l", "quantity_info": [[1.5, "l"]], "image_url": "/media/uploads/public/97/341/973941-6782e-product_list.jpg", "unit_price_raw": "kr 22,60 per l", "product_url": "https://kolonial.no/produkter/533-coca-cola-coca-cola/", "kolonial_id": "533"},
  {"category": "Brus", "category_list": ["Alle varer", "Drikkevarer", "Brus"], "title": "Coca-Cola Light", "price": 33.8, "product_variant": "1,5 l", "quantity_info": [[1.5, "l"]], "image_url": "/media/uploads/public/359/322/968322-ad54e-product_list.jpg", "unit_price_raw": "kr 22,53 per l", "product_url": "https://kolonial.no/produkter/532-coca-cola-coca-cola-light/", "kolonial_id": "532"},
  {"category": "Snacking", "category_list": ["Alle varer", "Pizza og taco", "Snacking"], "title": "Grandiosa Pizzaslice Kj\u00f8ttdeig", "price": 25.7, "product_variant": "165 g", "quantity_info": [[165.0, "g"]], "image_url": "/media/uploads/public/12/38/155238-b9fec-product_list.jpg", "unit_price_raw": "kr 155,76 per kg", "product_url": "https://kolonial.no/produkter/25052-grandiosa-grandiosa-pizzaslice-kjottdeig/", "kolonial_id": "25052"},
  {"category": "Hundemat", "category_list": ["Alle varer", "Dyremat", "Hundemat"], "title": "Welldone Kylling Snack til Hund", "price": 10.7, "product_variant": "15 g", "quantity_info": [[15.0, "g"]], "image_url": "/media/uploads/public/70/250/445450-e80a1-product_list.jpg", "unit_price_raw": "kr 713,33 per kg", "product_url": "https://kolonial.no/produkter/25452-best-friend-welldone-kylling-snack-til-hund/", "kolonial_id": "25452"},
  {"category": "Snittblomster", "category_list": ["Alle varer", "Blomster og planter", "Snittblomster"], "title": "Krysantemum Mix", "price": 80.0, "product_variant": "45 cm, 6 stk", "quantity_info": [[45.0, "cm"], [6.0, "stk"]], "image_url": "/media/uploads/public/125/77/1018877-d38b5-product_list.jpg", "unit_price_raw": "kr 13,33 per stk", "product_url": "https://kolonial.no/produkter/27477-freshflowers-krysantemum-mix-45-cm/", "kolonial_id": "27477"},
  {"category": "Snittblomster", "category_list": ["Alle varer", "Blomster og planter", "Snittblomster"], "title": "Sesongens bukett", "price": 150.0, "product_variant": "50cm, 1 stk", "quantity_info": [[50.0, "cm"], [1.0, "stk"]], "image_url": "/media/uploads/public/190/78/1018878-3cf24-product_list.jpg", "unit_price_raw": "kr 150,00 per stk", "product_url": "https://kolonial.no/produkter/27829-sesongens-bukett-50cm-1-stk/", "kolonial_id": "27829"},
  {"category": "Taco", "category_list": ["Alle varer", "Pizza og taco", "Taco"], "title": "Tortillas", "price": 13.9, "product_variant": "372 g", "quantity_info": [[372.0, "g"]], "image_url": "/media/uploads/public/121/132/972532-90cc2-product_list.jpg", "unit_price_raw": "kr 37,37 per kg", "product_url": "https://kolonial.no/produkter/8654-rema-1000-tortillas-6stk/", "kolonial_id": "8654"},
  {"category": "Buljong og fond", "category_list": ["Alle varer", "Olje og krydder", "Buljong og fond"], "title": "Klar kj\u00f8ttbuljong", "price": 36.6, "product_variant": "Terninger, 8 l", "quantity_info": [[8.0, "l"]], "image_url": "/media/uploads/public/143/25/966025-e0591-product_list.jpg", "unit_price_raw": "kr 4,58 per l", "product_url": "https://kolonial.no/produkter/836-maggi-klar-kjottbuljong-terninger/", "kolonial_id": "836"},
  {"category": "Kryddermiks", "category_list": ["Alle varer", "Olje og krydder", "Kryddermiks"], "title": "Taco Spice Mix Mild", "price": 7.9, "product_variant": "40 g", "quantity_info": [[40.0, "g"]], "image_url": "/media/uploads/public/256/367/636767-c40b9-product_list.jpg", "unit_price_raw": "kr 197,50 per kg", "product_url": "https://kolonial.no/produkter/8528-rema-1000-taco-spice-mix-mild/", "kolonial_id": "8528"},
  {"category": "Ketchup og sennep", "category_list": ["Alle varer", "Olje og krydder", "Ketchup og sennep"], "title": "Tomatketchup", "price": 44.5, "product_variant": "\u00d8kologisk, 580 g", "quantity_info": [[580.0, "g"]], "image_url": "/media/uploads/public/262/266/964266-12c5b-product_list.jpg", "unit_price_raw": "kr 76,72 per kg", "product_url": "https://kolonial.no/produkter/559-heinz-tomatketchup-okologisk/", "kolonial_id": "559"},
  {"category": "Ketchup og sennep", "category_list": ["Alle varer", "Olje og krydder", "Ketchup og sennep"], "title": "Tomatketchup", "price": 11.9, "product_variant": "Uten tilsatt sukker, 510 g", "quantity_info": [[510.0, "g"]], "image_url": "/media/uploads/public/252/1/965201-f274c-product_list.jpg", "unit_price_raw": "kr 23,33 per kg", "product_url": "https://kolonial.no/produkter/556-idun-tomatketchup-uten-tilsatt-sukker-520g/", "kolonial_id": "556"},
  {"category": "Deodorant", "category_list": ["Alle varer", "Hygieneartikler", "Deodorant"], "title": "Men Expert Thermic Resist Deodorant Roll-on", "price": 41.0, "product_variant": "50 ml", "quantity_info": [[50.0, "ml"]], "image_url": "/media/uploads/public/23/77/296077-990a3-product_list.jpg", "unit_price_raw": "kr 820,00 per l", "product_url": "https://kolonial.no/produkter/25393-loreal-men-expert-thermic-resist-deodorant-roll-/", "kolonial_id": "25393"},
  {"category": "Melk", "category_list": ["Alle varer", "Melk, meieriprodukter og egg", "Melk"], "title": "Q Melk Lett", "price": 31.3, "product_variant": "1,75 l", "quantity_info": [[1.75, "l"]], "image_url": "/media/uploads/public/38/33/969233-ded97-product_list.jpg", "unit_price_raw": "kr 17,89 per l", "product_url": "https://kolonial.no/produkter/17722-q-meieriene-q-melk-lett/", "kolonial_id": "17722"},
  {"category": "Melk", "category_list": ["Alle varer", "Melk, meieriprodukter og egg", "Melk"], "title": "Q Melk Lett", "price": 16.9, "product_variant": "1%, 1 l", "quantity_info": [[1.0, ""], [1.0, "l"]], "image_url": "/media/uploads/public/8/336/1001536-5346e-product_list.jpg", "unit_price_raw": "kr 16,90 per l", "product_url": "https://kolonial.no/produkter/1131-q-meieriene-q-melk-lett-1-liter/", "kolonial_id": "1131"},
  {"category": "Barbering", "category_list": ["Alle varer", "Hygieneartikler", "Barbering"], "title": "Barberblad Venus Divine", "price": 329.6, "product_variant": "8 stk", "quantity_info": [[8.0, "stk"]], "image_url": "/media/uploads/public/255/93/965293-3c08a-product_list.jpg", "unit_price_raw": "kr 41,20 per stk", "product_url": "https://kolonial.no/produkter/6478-venus-barberblad-venus-divine-8-stk/", "kolonial_id": "6478"},
  {"category": "Solkrem", "category_list": ["Alle varer", "Shampo, s\u00e5pe og krem", "Solkrem"], "title": "After Sun Lotion", "price": 73.1, "product_variant": "200 ml", "quantity_info": [[200.0, "ml"]], "image_url": "/media/uploads/public/203/58/970058-fff54-product_list.jpg", "unit_price_raw": "kr 365,50 per l", "product_url": "https://kolonial.no/produkter/20803-nivea-after-sun-lotion/", "kolonial_id": "20803"},
  {"category": "Barnes\u00e5pe og babyolje", "category_list": ["Alle varer", "Shampo, s\u00e5pe og krem", "Barnes\u00e5pe og babyolje"], "title": "Bades\u00e5pe Baby", "price": 28.2, "product_variant": "150 ml", "quantity_info": [[150.0, "ml"]], "image_url": "/media/uploads/public/129/148/969348-6cd58-product_list.jpg", "unit_price_raw": "kr 188,00 per l", "product_url": "https://kolonial.no/produkter/17977-rema-1000-badesape-baby/", "kolonial_id": "17977"},
  {"category": "Bomull og ansiktsrens", "category_list": ["Alle varer", "Hygieneartikler", "Bomull og ansiktsrens"], "title": "Bomullspads, Ikke Klorbleket", "price": 28.8, "product_variant": "\u00d8kologisk, 80 g", "quantity_info": [[80.0, "g"]], "image_url": "/media/uploads/public/258/117/128117-b6b96-product_list.jpg", "unit_price_raw": "kr 360,00 per kg", "product_url": "https://kolonial.no/produkter/23467-masmi-bomullspads-ikke-klorbleket-okologisk/", "kolonial_id": "23467"},
  {"category": "Bomull og ansiktsrens", "category_list": ["Alle varer", "Hygieneartikler", "Bomull og ansiktsrens"], "title": "Bomullspads", "price": 11.5, "product_variant": "80 stk", "quantity_info": [[80.0, "stk"]], "image_url": "/media/uploads/public/88/56/973256-da42e-product_list.jpg", "unit_price_raw": "kr 0,14 per stk", "product_url": "https://kolonial.no/produkter/5059-soft-style-bomullspads-80stk/", "kolonial_id": "5059"},
  {"category": "Krydder", "category_list": ["Alle varer", "Olje og krydder", "Krydder"], "title": "Maldonsalt", "price": 37.9, "product_variant": "125 g", "quantity_info": [[125.0, "g"]], "image_url": "/media/uploads/public/0/55/98455-15bea-product_list.jpg", "unit_price_raw": "kr 303,20 per kg", "product_url": "https://kolonial.no/produkter/582-maldonsalt/", "kolonial_id": "582"},
  {"category": "Helsekost", "category_list": ["Alle varer", "Legemidler og helsekost", "Helsekost"], "title": "D-vitamin", "price": 64.9, "product_variant": "90 stk", "quantity_info": [[90.0, "stk"]], "image_url": "/media/uploads/public/143/308/964308-e94ce-product_list.jpg", "unit_price_raw": "kr 0,72 per stk", "product_url": "https://kolonial.no/produkter/9758-collett-d-vitamin/", "kolonial_id": "9758"},
  {"category": "Helsekost", "category_list": ["Alle varer", "Legemidler og helsekost", "Helsekost"], "title": "Maltextrakt", "price": 52.9, "product_variant": "450 g", "quantity_info": [[450.0, "g"]], "image_url": "/media/uploads/public/334/355/971555-db6df-product_list.jpg", "unit_price_raw": "kr 117,56 per kg", "product_url": "https://kolonial.no/produkter/5629-moss-maltextrakt-450g/", "kolonial_id": "5629"},
  {"category": "Proteinbar og m\u00fcslibar", "category_list": ["Alle varer", "Legemidler og helsekost", "Proteinbar og m\u00fcslibar"], "title": "Nutrilett Chocolate Mousse bar", "price": 50.2, "product_variant": "2 x 60g, 120 g", "quantity_info": [[2.0, "x"], [60.0, "g"], [120.0, "g"]], "image_url": "/media/uploads/public/369/11/974011-2fcfc-product_list.jpg", "unit_price_raw": "kr 418,33 per kg", "product_url": "https://kolonial.no/produkter/26597-nutrilett-nutrilett-chocolate-mousse-bar-2-x-60g/", "kolonial_id": "26597"},
  {"category": "Bind og tamponger", "category_list": ["Alle varer", "Hygieneartikler", "Bind og tamponger"], "title": "Libresse Maxi Goodnight", "price": 28.1, "product_variant": "Wing 10stk, 10 stk", "quantity_info": [[10.0, "stk"], [10.0, "stk"]], "image_url": "/media/uploads/public/288/225/965025-10eea-product_list.jpg", "unit_price_raw": "kr 2,81 per stk", "product_url": "https://kolonial.no/produkter/404-libresse-maxi-goodnight-wing-10stk/", "kolonial_id": "404"},
  {"category": "Nikotinprodukter", "category_list": ["Alle varer", "Legemidler og helsekost", "Nikotinprodukter"], "title": "Nicotinell Tropisk", "price": 311.8, "product_variant": "4 mg, 96 stk", "quantity_info": [[4.0, "mg"], [96.0, "stk"]], "image_url": "/media/uploads/public/0/5/95605-2d822-product_list.jpg", "unit_price_raw": "kr 3,25 per stk", "product_url": "https://kolonial.no/produkter/21970-nicotinell-nicotinell-tropisk-4-mg/", "kolonial_id": "21970"},
  {"category": "Kluter, svamper og hansker", "category_list": ["Alle varer", "T\u00f8rkepapir og vaskemidler", "Kluter, svamper og hansker"], "title": "Mikrofiberklut Universal", "price": 14.4, "product_variant": "1 stk", "quantity_info": [[1.0, "stk"]], "image_url": "/media/uploads/public/378/345/966345-634a6-product_list.jpg", "unit_price_raw": "kr 14,40 per stk", "product_url": "https://kolonial.no/produkter/5038-soft-style-mikrofiberklut-universal-1stk/", "kolonial_id": "5038"},
  {"category": "Shampo og h\u00e5rprodukter", "category_list": ["Alle varer", "Shampo, s\u00e5pe og krem", "Shampo og h\u00e5rprodukter"], "title": "Color Vive Shampo", "price": 40.0, "product_variant": "ElVital, 300 ml", "quantity_info": [[300.0, "ml"]], "image_url": "/media/uploads/public/134/83/971283-a229e-product_list.jpg", "unit_price_raw": "kr 133,33 per l", "product_url": "https://kolonial.no/produkter/23387-elvital-color-vive-shampo-elvital/", "kolonial_id": "23387"},
  {"category": "Shampo og h\u00e5rprodukter", "category_list": ["Alle varer", "Shampo, s\u00e5pe og krem", "Shampo og h\u00e5rprodukter"], "title": "Color Vive Balsam", "price": 40.7, "product_variant": "ElVital, 250 ml", "quantity_info": [[250.0, "ml"]], "image_url": "/media/uploads/public/73/79/971279-f5d70-product_list.jpg", "unit_price_raw": "kr 162,80 per l", "product_url": "https://kolonial.no/produkter/23386-elvital-color-vive-balsam-elvital/", "kolonial_id": "23386"},
  {"category": "Krem", "category_list": ["Alle varer", "Shampo, s\u00e5pe og krem", "Krem"], "title": "Moisture & Aloe Vera", "price": 66.6, "product_variant": "50 ml", "quantity_info": [[50.0, "ml"]], "image_url": "/media/uploads/public/365/165/370165-82106-product_list.jpg", "unit_price_raw": "kr 1332,00 per l", "product_url": "https://kolonial.no/produkter/25869-garnier-moisture-aloe-vera/", "kolonial_id": "25869"},
  {"category": "Gulost", "category_list": ["Alle varer", "Oster", "Gulost"], "title": "Sveitserost 28%", "price": 118.4, "product_variant": "Med skorpe, ca. 600 g", "quantity_info": [[600.0, "g"]], "image_url": "/media/uploads/public/395/328/973928-e1f0b-product_list.jpg", "unit_price_raw": "kr 197,33 per kg", "product_url": "https://kolonial.no/produkter/2281-tine-sveitserost-28-med-skorpe/", "kolonial_id": "2281"},
  {"category": "Oppvask", "category_list": ["Alle varer", "T\u00f8rkepapir og vaskemidler", "Oppvask"], "title": "Klar Oppvaskmiddel", "price": 40.5, "product_variant": "500 ml", "quantity_info": [[500.0, "ml"]], "image_url": "/media/uploads/public/224/273/618273-b3fea-product_list.jpg", "unit_price_raw": "kr 81,00 per l", "product_url": "https://kolonial.no/produkter/26548-klar-klar-oppvaskmiddel/", "kolonial_id": "26548"},
  {"category": "Oppvask", "category_list": ["Alle varer", "T\u00f8rkepapir og vaskemidler", "Oppvask"], "title": "Maskinoppvask Original Alt-i-Ett", "price": 113.5, "product_variant": "70 stk", "quantity_info": [[70.0, "stk"]], "image_url": "/media/uploads/public/121/196/324996-44ff0-product_list.jpg", "unit_price_raw": "kr 1,62 per stk", "product_url": "https://kolonial.no/produkter/25646-yes-maskinoppvask-original-alt-i-ett/", "kolonial_id": "25646"},
  {"category": "Fiskekaker", "category_list": ["Alle varer", "Fisk og sj\u00f8mat", "Fiskekaker"], "title": "Fiskekaker", "price": 25.8, "product_variant": "520 g", "quantity_info": [[520.0, "g"]], "image_url": "/media/uploads/public/6/0/972400-5cabc-product_list.jpg", "unit_price_raw": "kr 49,62 per kg", "product_url": "https://kolonial.no/produkter/18016-best-pris-fiskekaker/", "kolonial_id": "18016"},
  {"category": "Fryst pizza", "category_list": ["Alle varer", "Pizza og taco", "Fryst pizza"], "title": "American Meat Lover", "price": 83.8, "product_variant": "600 g", "quantity_info": [[600.0, "g"]], "image_url": "/media/uploads/public/227/291/972691-2652d-product_list.jpg", "unit_price_raw": "kr 139,67 per kg", "product_url": "https://kolonial.no/produkter/13231-big-one-american-meat-lover/", "kolonial_id": "13231"},
  {"category": "Tannpleie", "category_list": ["Alle varer", "Hygieneartikler", "Tannpleie"], "title": "Jordan Flosser 3-in-1", "price": 46.1, "product_variant": "Med smak, 36 stk", "quantity_info": [[36.0, "stk"]], "image_url": "/media/uploads/public/353/108/964908-6d1a2-product_list.jpg", "unit_price_raw": "kr 1,28 per stk", "product_url": "https://kolonial.no/produkter/1543-jordan-jordan-flosser-3-1-med-smak/", "kolonial_id": "1543"},
  {"category": "Vaskemidler", "category_list": ["Alle varer", "T\u00f8rkepapir og vaskemidler", "Vaskemidler"], "title": "Allrent Frisk Duft", "price": 35.9, "product_variant": "595 ml", "quantity_info": [[595.0, "ml"]], "image_url": "/media/uploads/public/14/212/972612-a37be-product_list.jpg", "unit_price_raw": "kr 60,34 per l", "product_url": "https://kolonial.no/produkter/26574-jif-allrent-frisk-duft/", "kolonial_id": "26574"},
  {"category": "Vaskemidler", "category_list": ["Alle varer", "T\u00f8rkepapir og vaskemidler", "Vaskemidler"], "title": "Allrent Sitron", "price": 35.3, "product_variant": "595 ml", "quantity_info": [[595.0, "ml"]], "image_url": "/media/uploads/public/358/237/972637-1c9bd-product_list.jpg", "unit_price_raw": "kr 59,33 per l", "product_url": "https://kolonial.no/produkter/26573-jif-allrent-sitron/", "kolonial_id": "26573"},
  {"category": "Frossen fisk og sj\u00f8mat", "category_list": ["Alle varer", "Fisk og sj\u00f8mat", "Frossen fisk og sj\u00f8mat"], "title": "Ovnsbakt Fisk Italiensk", "price": 49.9, "product_variant": "380 g", "quantity_info": [[380.0, "g"]], "image_url": "/media/uploads/public/237/385/973585-3b624-product_list.jpg", "unit_price_raw": "kr 131,32 per kg", "product_url": "https://kolonial.no/produkter/27516-findus-ovnsbakt-fisk-italiensk/", "kolonial_id": "27516"},
  {"category": "Frossen fisk og sj\u00f8mat", "category_list": ["Alle varer", "Fisk og sj\u00f8mat", "Frossen fisk og sj\u00f8mat"], "title": "Ovnsbakt Fisk Bladspinat", "price": 50.5, "product_variant": "380 g", "quantity_info": [[380.0, "g"]], "image_url": "/media/uploads/public/399/380/973580-62b6c-product_list.jpg", "unit_price_raw": "kr 132,89 per kg", "product_url": "https://kolonial.no/produkter/27515-findus-ovnsbakt-fisk-bladspinat/", "kolonial_id": "27515"},
  {"category": "Revet ost", "category_list": ["Alle varer", "Oster", "Revet ost"], "title": "Revet Ost 4 Oster", "price": 44.1, "product_variant": "250 g", "quantity_info": [[250.0, "g"]], "image_url": "/media/uploads/public/218/118/966518-2d5ea-product_list.jpg", "unit_price_raw": "kr 176,40 per kg", "product_url": "https://kolonial.no/produkter/8240-tine-revet-ost-4-oster-250g/", "kolonial_id": "8240"},
  {"category": "Revet ost", "category_list": ["Alle varer", "Oster", "Revet ost"], "title": "Revet Cheddar", "price": 31.7, "product_variant": "Taste Lab, 200 g", "quantity_info": [[200.0, "g"]], "image_url": "/media/uploads/public/177/144/971744-e278e-product_list.jpg", "unit_price_raw": "kr 158,50 per kg", "product_url": "https://kolonial.no/produkter/24017-rema-1000-revet-cheddar-taste-lab/", "kolonial_id": "24017"},
  {"category": "Baketilbeh\u00f8r", "category_list": ["Alle varer", "Mel og bakeingredienser", "Baketilbeh\u00f8r"], "title": "Kokesjokolade Lys", "price": 13.4, "product_variant": "100 g", "quantity_info": [[100.0, "g"]], "image_url": "/media/uploads/public/267/273/969473-861f1-product_list.jpg", "unit_price_raw": "kr 134,00 per kg", "product_url": "https://kolonial.no/produkter/8520-rema-1000-kokesjokolade-lys-100g/", "kolonial_id": "8520"},
  {"category": "Ferske br\u00f8d", "category_list": ["Alle varer", "Br\u00f8d og frokostblandinger", "Ferske br\u00f8d"], "title": "Gourmet Grovbr\u00f8d", "price": 35.9, "product_variant": "Oppsk\u00e5ret, 670 g", "quantity_info": [[670.0, "g"]], "image_url": "/media/uploads/public/386/251/702651-579b0-product_list.jpg", "unit_price_raw": "kr 53,58 per kg", "product_url": "https://kolonial.no/produkter/11917-brodverket-gourmet-grovbrod-oppskaret/", "kolonial_id": "11917"},
  {"category": "Ferske br\u00f8d", "category_list": ["Alle varer", "Br\u00f8d og frokostblandinger", "Ferske br\u00f8d"], "title": "Gourmetloff", "price": 34.9, "product_variant": "Nystekt, 520 g", "quantity_info": [[520.0, "g"]], "image_url": "/media/uploads/public/0/122/18922-87484-product_list.jpg", "unit_price_raw": "kr 67,12 per kg", "product_url": "https://kolonial.no/produkter/11941-brodverket-gourmetloff-nystekt/", "kolonial_id": "11941"},
  {"category": "Hermetisert sj\u00f8mat", "category_list": ["Alle varer", "Fisk og sj\u00f8mat", "Hermetisert sj\u00f8mat"], "title": "Tunfisk med Tomat & Basilikum", "price": 14.3, "product_variant": "85 g", "quantity_info": [[85.0, "g"]], "image_url": "/media/uploads/public/184/197/968597-ad01e-product_list.jpg", "unit_price_raw": "kr 168,24 per kg", "product_url": "https://kolonial.no/produkter/15999-king-oscar-tunfisk-med-tomat-basilikum/", "kolonial_id": "15999"},
  {"category": "Klesvask", "category_list": ["Alle varer", "T\u00f8rkepapir og vaskemidler", "Klesvask"], "title": "Omo Color Power Dose", "price": 62.3, "product_variant": "18 poser, 16 vask", "quantity_info": [[18.0, "poser"], [16.0, "vask"]], "image_url": "/media/uploads/public/228/159/730159-6da39-product_list.jpg", "unit_price_raw": "kr 3,89 per vask", "product_url": "https://kolonial.no/produkter/7111-omo-omo-color-power-dose-18-poser/", "kolonial_id": "7111"},
  {"category": "Klesvask", "category_list": ["Alle varer", "T\u00f8rkepapir og vaskemidler", "Klesvask"], "title": "Omo Ultra Power Dose", "price": 58.4, "product_variant": "16 vask", "quantity_info": [[16.0, "vask"]], "image_url": "/media/uploads/public/24/82/972482-31bbb-product_list.jpg", "unit_price_raw": "kr 3,65 per vask", "product_url": "https://kolonial.no/produkter/21334-omo-omo-ultra-power-dose/", "kolonial_id": "21334"},
  {"category": "R\u00f8kt og gravet fisk", "category_list": ["Alle varer", "Fisk og sj\u00f8mat", "R\u00f8kt og gravet fisk"], "title": "R\u00f8kt Laks i Skiver", "price": 52.4, "product_variant": "120 g", "quantity_info": [[120.0, "g"]], "image_url": "/media/uploads/public/299/162/142162-b1023-product_list.jpg", "unit_price_raw": "kr 436,67 per kg", "product_url": "https://kolonial.no/produkter/24248-troll-salmon-rokt-laks-i-skiver/", "kolonial_id": "24248"},
  {"category": "Fersk fisk", "category_list": ["Alle varer", "Fisk og sj\u00f8mat", "Fersk fisk"], "title": "Torskefilet uten Skinn", "price": 89.9, "product_variant": "Domstein, \n                            \n\n                            Fersk villfisk, ca. 400 g", "quantity_info": [[400.0, "g"]], "image_url": "/media/uploads/public/156/360/152760-ec528-product_list_large.jpg", "unit_price_raw": "kr 224,75 per kg", "product_url": "https://kolonial.no/produkter/24883-domstein-torskefilet-uten-skinn-fersk-villfisk/", "kolonial_id": "24883"},
  {"category": "Fersk fisk", "category_list": ["Alle varer", "Fisk og sj\u00f8mat", "Fersk fisk"], "title": "Torskefilet uten Skinn", "price": 44.9, "product_variant": "Domstein, \n                            \n\n                            Fersk villfisk, ca. 200 g", "quantity_info": [[200.0, "g"]], "image_url": "/media/uploads/public/382/361/152761-903c2-product_list_large.jpg", "unit_price_raw": "kr 224,50 per kg", "product_url": "https://kolonial.no/produkter/24885-domstein-torskefilet-uten-skinn-fersk-villfisk/", "kolonial_id": "24885"},
  {"category": "Oljer og dressinger", "category_list": ["Alle varer", "Olje og krydder", "Oljer og dressinger"], "title": "Gaea Fresh Extra Virgin Olivenolje", "price": 119.9, "product_variant": "0,5 l", "quantity_info": [[0.5, "l"]], "image_url": "/media/uploads/public/371/380/1014380-bd06e-product_list.jpg", "unit_price_raw": "kr 239,80 per l", "product_url": "https://kolonial.no/produkter/24085-gaea-gaea-fresh-extra-virgin-olivenolje/", "kolonial_id": "24085"},
  {"category": "Ferdigmikser", "category_list": ["Alle varer", "Mel og bakeingredienser", "Ferdigmikser"], "title": "Marengs Pavlova", "price": 40.0, "product_variant": "299 g", "quantity_info": [[299.0, "g"]], "image_url": "/media/uploads/public/316/296/967496-171fc-product_list.jpg", "unit_price_raw": "kr 133,78 per kg", "product_url": "https://kolonial.no/produkter/10730-toro-marengs-pavlova-299g/", "kolonial_id": "10730"},
  {"category": "Tyggis og pastiller", "category_list": ["Alle varer", "Snacks og godteri", "Tyggis og pastiller"], "title": "Mentos Gum Fresh Mint", "price": 34.1, "product_variant": "5 pak, 70 g", "quantity_info": [[5.0, "pak"], [70.0, "g"]], "image_url": "/media/uploads/public/179/31/969231-fb69b-product_list.jpg", "unit_price_raw": "kr 487,14 per kg", "product_url": "https://kolonial.no/produkter/17815-mentos-mentos-gum-fresh-mint-5-pak/", "kolonial_id": "17815"},
  {"category": "Storfe", "category_list": ["Alle varer", "Kj\u00f8tt og kylling", "Storfe"], "title": "Storfe Entrecote", "price": 214.4, "product_variant": "ca. 540 g", "quantity_info": [[540.0, "g"]], "image_url": "/media/uploads/public/7/168/916168-50299-product_list.jpg", "unit_price_raw": "kr 397,04 per kg", "product_url": "https://kolonial.no/produkter/25800-gilde-storfe-entrecote/", "kolonial_id": "25800"},
  {"category": "P\u00f8lsebr\u00f8d, hamburgerbr\u00f8d og boller", "category_list": ["Alle varer", "Br\u00f8d og frokostblandinger", "P\u00f8lsebr\u00f8d, hamburgerbr\u00f8d og boller"], "title": "P\u00f8lsebr\u00f8d", "price": 48.5, "product_variant": "Glutenfri, 360 g", "quantity_info": [[360.0, "g"]], "image_url": "/media/uploads/public/150/77/1004077-a9fc8-product_list.jpg", "unit_price_raw": "kr 134,72 per kg", "product_url": "https://kolonial.no/produkter/21871-brisk-polsebrod-glutenfri/", "kolonial_id": "21871"},
  {"category": "P\u00f8lsebr\u00f8d, hamburgerbr\u00f8d og boller", "category_list": ["Alle varer", "Br\u00f8d og frokostblandinger", "P\u00f8lsebr\u00f8d, hamburgerbr\u00f8d og boller"], "title": "Chicago Hamburgerbr\u00f8d", "price": 27.9, "product_variant": "6stk, 480 g", "quantity_info": [[6.0, "stk"], [480.0, "g"]], "image_url": "/media/uploads/public/118/298/367098-a7bef-product_list.jpg", "unit_price_raw": "kr 58,13 per kg", "product_url": "https://kolonial.no/produkter/4210-hatting-chicago-hamburgerbrod-6stk/", "kolonial_id": "4210"},
  {"category": "Frokostblandinger og gryn", "category_list": ["Alle varer", "Br\u00f8d og frokostblandinger", "Frokostblandinger og gryn"], "title": "Corn Flakes", "price": 37.3, "product_variant": "Glutenfri, 500 g", "quantity_info": [[500.0, "g"]], "image_url": "/media/uploads/public/126/309/972709-27947-product_list.jpg", "unit_price_raw": "kr 74,60 per kg", "product_url": "https://kolonial.no/produkter/15831-nestle-corn-flakes-glutenfri/", "kolonial_id": "15831"},
  {"category": "Bursdag", "category_list": ["Alle varer", "Barneprodukter", "Bursdag"], "title": "Suger\u00f8r Bl\u00e5", "price": 41.2, "product_variant": "24 stk", "quantity_info": [[24.0, "stk"]], "image_url": "/media/uploads/public/248/19/130419-37f32-product_list.jpg", "unit_price_raw": "kr 1,72 per stk", "product_url": "https://kolonial.no/produkter/23564-festligeting-sugeror-bla/", "kolonial_id": "23564"},
  {"category": "Frosne br\u00f8d og rundstykker", "category_list": ["Alle varer", "Br\u00f8d og frokostblandinger", "Frosne br\u00f8d og rundstykker"], "title": "Havrestykker", "price": 38.6, "product_variant": "7 stk, 455 g", "quantity_info": [[7.0, "stk"], [455.0, "g"]], "image_url": "/media/uploads/public/242/382/970382-7efd0-product_list.jpg", "unit_price_raw": "kr 84,84 per kg", "product_url": "https://kolonial.no/produkter/21406-hatting-havrestykker-7-stk/", "kolonial_id": "21406"},
  {"category": "Smokker og t\u00e5teflasker", "category_list": ["Alle varer", "Barneprodukter", "Smokker og t\u00e5teflasker"], "title": "Matskjeer", "price": 65.7, "product_variant": "Tilfeldig farge, 4 stk", "quantity_info": [[4.0, "stk"]], "image_url": "/media/uploads/public/167/113/966113-1c73a-product_list.jpg", "unit_price_raw": "kr 16,43 per stk", "product_url": "https://kolonial.no/produkter/5350-bambino-matskjeer-tilfeldig-farge/", "kolonial_id": "5350"},
  {"category": "Supper", "category_list": ["Alle varer", "Middager og tilbeh\u00f8r", "Supper"], "title": "Tomatsuppe", "price": 18.5, "product_variant": "91 g", "quantity_info": [[91.0, "g"]], "image_url": "/media/uploads/public/91/158/186158-1da5f-product_list.jpg", "unit_price_raw": "kr 203,30 per kg", "product_url": "https://kolonial.no/produkter/716-toro-tomatsuppe/", "kolonial_id": "716"},
  {"category": "Supper", "category_list": ["Alle varer", "Middager og tilbeh\u00f8r", "Supper"], "title": "Tomatsuppe med Makaroni", "price": 21.5, "product_variant": "1 l", "quantity_info": [[1.0, "l"]], "image_url": "/media/uploads/public/46/302/967102-44358-product_list.jpg", "unit_price_raw": "kr 21,50 per l", "product_url": "https://kolonial.no/produkter/10715-toro-tomatsuppe-med-makaroni-119g/", "kolonial_id": "10715"},
  {"category": "Knekkebr\u00f8d", "category_list": ["Alle varer", "Br\u00f8d og frokostblandinger", "Knekkebr\u00f8d"], "title": "Sesam & Havsalt", "price": 41.5, "product_variant": "Glutenfri, 240 g", "quantity_info": [[240.0, "g"]], "image_url": "/media/uploads/public/367/250/973850-116e6-product_list.jpg", "unit_price_raw": "kr 172,92 per kg", "product_url": "https://kolonial.no/produkter/27480-wasa-sesam-havsalt-glutenfri/", "kolonial_id": "27480"},
  {"category": "Langtidsholdbare br\u00f8d", "category_list": ["Alle varer", "Br\u00f8d og frokostblandinger", "Langtidsholdbare br\u00f8d"], "title": "Energibr\u00f8d", "price": 33.9, "product_variant": "700 g", "quantity_info": [[700.0, "g"]], "image_url": "/media/uploads/public/124/87/966887-a8e8e-product_list.jpg", "unit_price_raw": "kr 48,43 per kg", "product_url": "https://kolonial.no/produkter/3304-pagen-energibrod-700g/", "kolonial_id": "3304"},
  {"category": "Pasta og nudler", "category_list": ["Alle varer", "Middager og tilbeh\u00f8r", "Pasta og nudler"], "title": "Spaghetti", "price": 29.9, "product_variant": "\u00d8kologisk, 500 g", "quantity_info": [[500.0, "g"]], "image_url": "/media/uploads/public/172/58/973658-68c34-product_list.jpg", "unit_price_raw": "kr 59,80 per kg", "product_url": "https://kolonial.no/produkter/27492-barilla-spaghetti-okologisk/", "kolonial_id": "27492"},
  {"category": "Pasta og nudler", "category_list": ["Alle varer", "Middager og tilbeh\u00f8r", "Pasta og nudler"], "title": "Spaghetti", "price": 33.9, "product_variant": "Glutenfri, 400 g", "quantity_info": [[400.0, "g"]], "image_url": "/media/uploads/public/180/31/974031-e5c58-product_list.jpg", "unit_price_raw": "kr 84,75 per kg", "product_url": "https://kolonial.no/produkter/7051-barilla-spaghetti-glutenfri/", "kolonial_id": "7051"},
  {"category": "Batterier", "category_list": ["Alle varer", "Husholdning og tekstil", "Batterier"], "title": "Batterier 1,5v D", "price": 35.7, "product_variant": "Alkaliske, 2 stk", "quantity_info": [[2.0, "stk"]], "image_url": "/media/uploads/public/349/145/969745-817bd-product_list.jpg", "unit_price_raw": "kr 17,85 per stk", "product_url": "https://kolonial.no/produkter/5266-soft-style-batterier-15v-d-alkaliske/", "kolonial_id": "5266"},
  {"category": "Hamburgere", "category_list": ["Alle varer", "Kj\u00f8tt og kylling", "Hamburgere"], "title": "Tulip Pulled Pork Asian", "price": 78.5, "product_variant": "550 g", "quantity_info": [[550.0, "g"]], "image_url": "/media/uploads/public/91/341/693941-d80fc-product_list.jpg", "unit_price_raw": "kr 142,73 per kg", "product_url": "https://kolonial.no/produkter/27365-tulip-pulled-pork-asian/", "kolonial_id": "27365"},
  {"category": "Hermetisert frukt og gr\u00f8nt", "category_list": ["Alle varer", "Frukt og gr\u00f8nt", "Hermetisert frukt og gr\u00f8nt"], "title": "Mais Crispniblets", "price": 19.8, "product_variant": "340 g", "quantity_info": [[340.0, "g"]], "image_url": "/media/uploads/public/154/71/967671-54561-product_list.jpg", "unit_price_raw": "kr 58,24 per kg", "product_url": "https://kolonial.no/produkter/11449-green-giant-mais-crispniblets-340g/", "kolonial_id": "11449"},
  {"category": "Diverse husholdning", "category_list": ["Alle varer", "Husholdning og tekstil", "Diverse husholdning"], "title": "Kaffefilter", "price": 67.9, "product_variant": "110mm, 250 stk", "quantity_info": [[110.0, "mm"], [250.0, "stk"]], "image_url": "/media/uploads/public/0/238/23038-54e66-product_list.jpg", "unit_price_raw": "kr 0,27 per stk", "product_url": "https://kolonial.no/produkter/12697-unil-kaffefilter-110mm-250stk/", "kolonial_id": "12697"},
  {"category": "Undert\u00f8y", "category_list": ["Alle varer", "Husholdning og tekstil", "Undert\u00f8y"], "title": "Hold In Black", "price": 90.0, "product_variant": "Str. 40-44, 1 stk", "quantity_info": [[40.0, ""], [44.1, "stk"]], "image_url": "/media/uploads/public/0/130/15730-baf2a-product_list.jpg", "unit_price_raw": "kr 90,00 per stk", "product_url": "https://kolonial.no/produkter/11158-pierre-robert-hold-black-str-40-44/", "kolonial_id": "11158"},
  {"category": "Undert\u00f8y", "category_list": ["Alle varer", "Husholdning og tekstil", "Undert\u00f8y"], "title": "Hold In Tan", "price": 90.0, "product_variant": "Str. 44-48, 1 stk", "quantity_info": [[44.0, ""], [48.1, "stk"]], "image_url": "/media/uploads/public/0/127/15727-5e665-product_list.jpg", "unit_price_raw": "kr 90,00 per stk", "product_url": "https://kolonial.no/produkter/11152-pierre-robert-hold-tan-str-44-48/", "kolonial_id": "11152"},
  {"category": "Kj\u00f8ttdeig og karbonadedeig", "category_list": ["Alle varer", "Kj\u00f8tt og kylling", "Kj\u00f8ttdeig og karbonadedeig"], "title": "A la Kj\u00f8ttdeig Vegansk", "price": 52.3, "product_variant": "300 g", "quantity_info": [[300.0, "g"]], "image_url": "/media/uploads/public/75/357/1013557-3ea3c-product_list.jpg", "unit_price_raw": "kr 174,33 per kg", "product_url": "https://kolonial.no/produkter/13423-halsans-kok-kjottdeig-vegetar-300g/", "kolonial_id": "13423"},
  {"category": "Urter og spirer", "category_list": ["Alle varer", "Frukt og gr\u00f8nt", "Urter og spirer"], "title": "Kl\u00f8verspirer beger", "price": 25.9, "product_variant": "Norge, 50 g", "quantity_info": [[50.0, "g"]], "image_url": "/media/uploads/public/293/343/619143-1a064-product_list.jpg", "unit_price_raw": "kr 518,00 per kg", "product_url": "https://kolonial.no/produkter/26627-kloverspirer-beger-norge/", "kolonial_id": "26627"},
  {"category": "Svin", "category_list": ["Alle varer", "Kj\u00f8tt og kylling", "Svin"], "title": "Hellstr\u00f8ms \u00d8kologisk Svinenakke uten Ben", "price": 140.0, "product_variant": "Fra Str\u00f8m-Larsen, 0,5 kg", "quantity_info": [[0.5, "kg"]], "image_url": "/media/uploads/public/316/87/454487-72bbf-product_list.jpg", "unit_price_raw": "kr 280,00 per kg", "product_url": "https://kolonial.no/produkter/26081-strom-larsen-hellstroms-okologisk-svinenakke-uten-/", "kolonial_id": "26081"},
  {"category": "Ferdige middagsretter", "category_list": ["Alle varer", "Middager og tilbeh\u00f8r", "Ferdige middagsretter"], "title": "Spaghetti Carbonara", "price": 74.9, "product_variant": "385 g", "quantity_info": [[385.0, "g"]], "image_url": "/media/uploads/public/390/250/966650-74808-product_list.jpg", "unit_price_raw": "kr 194,55 per kg", "product_url": "https://kolonial.no/produkter/10775-toro-spaghetti-carbonara-385g/", "kolonial_id": "10775"},
  {"category": "Ferdigsauser", "category_list": ["Alle varer", "Middager og tilbeh\u00f8r", "Ferdigsauser"], "title": "\u00d8kologisk Bearnaise", "price": 40.6, "product_variant": "230 ml", "quantity_info": [[230.0, "ml"]], "image_url": "/media/uploads/public/270/191/324991-20df8-product_list.jpg", "unit_price_raw": "kr 176,52 per l", "product_url": "https://kolonial.no/produkter/25641-lohmanders-okologisk-bearnaise/", "kolonial_id": "25641"},
  {"category": "P\u00f8lser", "category_list": ["Alle varer", "Kj\u00f8tt og kylling", "P\u00f8lser"], "title": "\u00d8kologisk Bratwurst", "price": 80.9, "product_variant": "Str\u00f8m-Larsen, Halstenshov G\u00e5rd, 3 stk", "quantity_info": [[3.0, "stk"]], "image_url": "/media/uploads/public/0/218/40218-18f91-product_list.jpg", "unit_price_raw": "kr 231,14 per kg", "product_url": "https://kolonial.no/produkter/23759-strom-larsen-okologisk-bratwurst-strom-larsen-hals/", "kolonial_id": "23759"},
  {"category": "Kontor", "category_list": ["Alle varer", "Husholdning og tekstil", "Kontor"], "title": "Kryssordpenn", "price": 49.9, "product_variant": "1 stk", "quantity_info": [[1.0, "stk"]], "image_url": "/media/uploads/public/356/363/973163-d4645-product_list.jpg", "unit_price_raw": "kr 49,90 per stk", "product_url": "https://kolonial.no/produkter/14764-kryssordpenn/", "kolonial_id": "14764"},
  {"category": "Fr\u00f8, n\u00f8tter og t\u00f8rket frukt", "category_list": ["Alle varer", "Frukt og gr\u00f8nt", "Fr\u00f8, n\u00f8tter og t\u00f8rket frukt"], "title": "Naturmix", "price": 46.7, "product_variant": "140 g", "quantity_info": [[140.0, "g"]], "image_url": "/media/uploads/public/54/365/968765-9c5bd-product_list.jpg", "unit_price_raw": "kr 333,57 per kg", "product_url": "https://kolonial.no/produkter/16579-den-lille-nottefabrikken-naturmix/", "kolonial_id": "16579"},
  {"category": "Kj\u00f8ttboller og karbonader", "category_list": ["Alle varer", "Kj\u00f8tt og kylling", "Kj\u00f8ttboller og karbonader"], "title": "Svenske Kj\u00f8ttboller", "price": 85.4, "product_variant": "Ca 60 stk", "quantity_info": [[60.0, "stk"]], "image_url": "/media/uploads/public/192/240/1021440-1350e-product_list.jpg", "unit_price_raw": "kr 106,75 per kg", "product_url": "https://kolonial.no/produkter/3574-gilde-svenske-kjottboller-ca-60-stk/", "kolonial_id": "3574"},
  {"category": "Kj\u00f8kkenredskap", "category_list": ["Alle varer", "Husholdning og tekstil", "Kj\u00f8kkenredskap"], "title": "Sm\u00f8rekniv", "price": 39.4, "product_variant": "1 stk", "quantity_info": [[1.0, "stk"]], "image_url": "/media/uploads/public/46/206/979406-5ea9b-product_list.jpg", "unit_price_raw": "kr 39,40 per stk", "product_url": "https://kolonial.no/produkter/11632-smorekniv/", "kolonial_id": "11632"},
  {"category": "Engangs og Servietter", "category_list": ["Alle varer", "Husholdning og tekstil", "Engangs og Servietter"], "title": "Papptallerken Dyp", "price": 27.9, "product_variant": "19 cm, 25 stk", "quantity_info": [[19.0, "cm"], [25.0, "stk"]], "image_url": "/media/uploads/public/380/209/972609-42da6-product_list.jpg", "unit_price_raw": "kr 1,12 per stk", "product_url": "https://kolonial.no/produkter/10472-papptallerken-dyp-19-cm-25-stk/", "kolonial_id": "10472"},
  {"category": "Salater og k\u00e5l", "category_list": ["Alle varer", "Frukt og gr\u00f8nt", "Salater og k\u00e5l"], "title": "Hodek\u00e5l", "price": 34.9, "product_variant": "\u00d8kologisk, Norge, 1 kg", "quantity_info": [[1.0, "kg"]], "image_url": "/media/uploads/public/90/368/560768-4ef35-product_list.jpg", "unit_price_raw": "kr 34,90 per kg", "product_url": "https://kolonial.no/produkter/26407-hodekal-okologisk-norge/", "kolonial_id": "26407"},
  {"category": "Gr\u00f8nnsaker", "category_list": ["Alle varer", "Frukt og gr\u00f8nt", "Gr\u00f8nnsaker"], "title": "Tomat, \u00d8kologisk, 2 pk", "price": 30.9, "product_variant": "Holland, 225 g", "quantity_info": [[225.0, "g"]], "image_url": "/media/uploads/public/352/167/710967-6ecd1-product_list.jpg", "unit_price_raw": "kr 137,33 per kg", "product_url": "https://kolonial.no/produkter/19444-tomat-okologisk-2-pk-holland/", "kolonial_id": "19444"},
  {"category": "Gr\u00f8nnsaker", "category_list": ["Alle varer", "Frukt og gr\u00f8nt", "Gr\u00f8nnsaker"], "title": "Tomater i klase", "price": 18.9, "product_variant": "Holland, 500 g", "quantity_info": [[500.0, "g"]], "image_url": "/media/uploads/public/331/44/719244-43eae-product_list.jpg", "unit_price_raw": "kr 37,80 per kg", "product_url": "https://kolonial.no/produkter/9407-tomater-i-klase-holland/", "kolonial_id": "9407"},
  {"category": "Frukt", "category_list": ["Alle varer", "Frukt og gr\u00f8nt", "Frukt"], "title": "Kiwi", "price": 19.6, "product_variant": "Chile, 4 stk", "quantity_info": [[4.0, "stk"]], "image_url": "/media/uploads/public/128/73/730473-6445d-product_list.jpg", "unit_price_raw": "kr 56,00 per kg", "product_url": "https://kolonial.no/produkter/27773-kiwi-chile/", "kolonial_id": "27773"},
  {"category": "Frossen frukt og gr\u00f8nt", "category_list": ["Alle varer", "Frukt og gr\u00f8nt", "Frossen frukt og gr\u00f8nt"], "title": "Mykstekt L\u00f8k", "price": 31.5, "product_variant": "300 g", "quantity_info": [[300.0, "g"]], "image_url": "/media/uploads/public/189/124/970924-bc66d-product_list.jpg", "unit_price_raw": "kr 105,00 per kg", "product_url": "https://kolonial.no/produkter/16308-rema-1000-mykstekt-lok/", "kolonial_id": "16308"},
  {"category": "Middags-kit og gryteretter", "category_list": ["Alle varer", "Middager og tilbeh\u00f8r", "Middags-kit og gryteretter"], "title": "Indisk gryte", "price": 38.5, "product_variant": "89 g", "quantity_info": [[89.0, "g"]], "image_url": "/media/uploads/public/70/168/965368-351c0-product_list.jpg", "unit_price_raw": "kr 432,58 per kg", "product_url": "https://kolonial.no/produkter/746-toro-indisk-gryte/", "kolonial_id": "746"},
  {"category": "Ris og gryn", "category_list": ["Alle varer", "Middager og tilbeh\u00f8r", "Ris og gryn"], "title": "Risotto Carnaroli", "price": 27.3, "product_variant": "500 g", "quantity_info": [[500.0, "g"]], "image_url": "/media/uploads/public/320/238/969038-72772-product_list.jpg", "unit_price_raw": "kr 54,60 per kg", "product_url": "https://kolonial.no/produkter/17239-scotti-risotto-carnaroli/", "kolonial_id": "17239"},
  {"category": "Posesauser", "category_list": ["Alle varer", "Middager og tilbeh\u00f8r", "Posesauser"], "title": "Kj\u00f8ttkakesaus", "price": 25.0, "product_variant": "\u00d8konomipakke, 4 poser, 180 g", "quantity_info": [[4.0, "poser"], [180.0, "g"]], "image_url": "/media/uploads/public/385/118/973318-b2833-product_list.jpg", "unit_price_raw": "kr 138,89 per kg", "product_url": "https://kolonial.no/produkter/6418-toro-kjottkakesaus-okonomipakke-4-poser/", "kolonial_id": "6418"},
  {"category": "Posesauser", "category_list": ["Alle varer", "Middager og tilbeh\u00f8r", "Posesauser"], "title": "Bearnaisesaus", "price": 31.1, "product_variant": "Familiepakning, 4 stk", "quantity_info": [[4.0, "stk"]], "image_url": "/media/uploads/public/15/32/973232-b4f9d-product_list.jpg", "unit_price_raw": "kr 7,78 per stk", "product_url": "https://kolonial.no/produkter/14404-toro-bearnaisesaus-familiepakning-4stk/", "kolonial_id": "14404"},
  {"category": "Middagstilbeh\u00f8r", "category_list": ["Alle varer", "Middager og tilbeh\u00f8r", "Middagstilbeh\u00f8r"], "title": "Sushi Ginger", "price": 46.5, "product_variant": "145 g", "quantity_info": [[145.0, "g"]], "image_url": "/media/uploads/public/239/234/967034-c8d2e-product_list.jpg", "unit_price_raw": "kr 320,69 per kg", "product_url": "https://kolonial.no/produkter/1576-blue-dragon-sushi-ginger-145g/", "kolonial_id": "1576"},
  {"category": "Lys", "category_list": ["Alle varer", "Husholdning og tekstil", "Lys"], "title": "EcoClassic 18w A55 240v E27", "price": 55.5, "product_variant": "2 stk", "quantity_info": [[2.0, "stk"]], "image_url": "/media/uploads/public/0/168/115768-22ace-product_list.jpg", "unit_price_raw": "kr 27,75 per stk", "product_url": "https://kolonial.no/produkter/10577-philips-ecoclassic-18w-a55-240v-e27-2-stk/", "kolonial_id": "10577"},
  {"category": "Kylling, kalkun og and", "category_list": ["Alle varer", "Kj\u00f8tt og kylling", "Kylling, kalkun og and"], "title": "Kalkunbryst i Form", "price": 200.9, "product_variant": "ca. 800 g", "quantity_info": [[800.0, "g"]], "image_url": "/media/uploads/public/43/203/972203-a3c60-product_list.jpg", "unit_price_raw": "kr 251,13 per kg", "product_url": "https://kolonial.no/produkter/18178-stanges-gardsprodukter-stange-kalkunbryst-i-form/", "kolonial_id": "18178"},
  {"category": "Bacon og tilbeh\u00f8r", "category_list": ["Alle varer", "Kj\u00f8tt og kylling", "Bacon og tilbeh\u00f8r"], "title": "Lettsaltet Sideflesk", "price": 163.0, "product_variant": "ca. 680 g", "quantity_info": [[680.0, "g"]], "image_url": "/media/uploads/public/0/380/62380-6b33e-product_list.jpg", "unit_price_raw": "kr 239,71 per kg", "product_url": "https://kolonial.no/produkter/18253-nordfjord-lettsaltet-sideflesk/", "kolonial_id": "18253"},
  {"category": "Bacon og tilbeh\u00f8r", "category_list": ["Alle varer", "Kj\u00f8tt og kylling", "Bacon og tilbeh\u00f8r"], "title": "Bogskinke", "price": 28.9, "product_variant": "325 g", "quantity_info": [[325.0, "g"]], "image_url": "/media/uploads/public/80/376/967976-7185f-product_list.jpg", "unit_price_raw": "kr 88,92 per kg", "product_url": "https://kolonial.no/produkter/13726-terina-bog-325g/", "kolonial_id": "13726"},
  {"category": "Morsmelkerstatning", "category_list": ["Alle varer", "Barneprodukter", "Morsmelkerstatning"], "title": "Combiotik Pulver 2", "price": 86.2, "product_variant": "Fra 6 - 12 mnd, 450 g", "quantity_info": [[6.0, ""], [12.0, "mnd"], [450.0, "g"]], "image_url": "/media/uploads/public/115/359/971159-7a1bf-product_list.jpg", "unit_price_raw": "kr 191,56 per kg", "product_url": "https://kolonial.no/produkter/23349-hipp-combiotik-pulver-2-fra-6-12-mnd/", "kolonial_id": "23349"},
  {"category": "Smoothie, yoghurt og mellomm\u00e5ltid", "category_list": ["Alle varer", "Barneprodukter", "Smoothie, yoghurt og mellomm\u00e5ltid"], "title": "Lev Vel Smoothie Mango & Gresskar", "price": 12.1, "product_variant": "Fra 6 mnd, 90 g", "quantity_info": [[6.0, "mnd"], [90.0, "g"]], "image_url": "/media/uploads/public/325/295/972295-df1b1-product_list.jpg", "unit_price_raw": "kr 134,44 per kg", "product_url": "https://kolonial.no/produkter/25846-rema-1000-lev-vel-smoothie-mango-gresskar-fra-6-mn/", "kolonial_id": "25846"},
  {"category": "Smoothie, yoghurt og mellomm\u00e5ltid", "category_list": ["Alle varer", "Barneprodukter", "Smoothie, yoghurt og mellomm\u00e5ltid"], "title": "Junior Fruktstang", "price": 12.8, "product_variant": "Fra 12 mnd, 25 g", "quantity_info": [[12.0, "mnd"], [25.0, "g"]], "image_url": "/media/uploads/public/274/363/967563-58d8f-product_list.jpg", "unit_price_raw": "kr 512,00 per kg", "product_url": "https://kolonial.no/produkter/11266-nestle-junior-fruktstang-fra-12-mnd/", "kolonial_id": "11266"},
  {"category": "Middagsglass", "category_list": ["Alle varer", "Barneprodukter", "Middagsglass"], "title": "Rotfrukter Med Laks & Sitron", "price": 20.1, "product_variant": "Fra 8 mnd, 195 g", "quantity_info": [[8.0, "mnd"], [195.0, "g"]], "image_url": "/media/uploads/public/210/398/971998-ec7bb-product_list.jpg", "unit_price_raw": "kr 103,08 per kg", "product_url": "https://kolonial.no/produkter/11233-nestle-rotfrukter-med-laks-sitron-fra-8-mnd-195g/", "kolonial_id": "11233"},
  {"category": "Middagsglass", "category_list": ["Alle varer", "Barneprodukter", "Middagsglass"], "title": "Spagetti Bolognese \u00d8kologisk", "price": 21.1, "product_variant": "Fra 8 mnd, 190 g", "quantity_info": [[8.0, "mnd"], [190.0, "g"]], "image_url": "/media/uploads/public/180/36/970036-106bf-product_list.jpg", "unit_price_raw": "kr 111,05 per kg", "product_url": "https://kolonial.no/produkter/26108-nestle-spagetti-bolognese-okologisk-fra-8-mnd/", "kolonial_id": "26108"},
  {"category": "Julens middagstilbeh\u00f8r", "category_list": ["Alle varer", "Middager og tilbeh\u00f8r", "Julens middagstilbeh\u00f8r"], "title": "Surk\u00e5l", "price": 6.9, "product_variant": "450 g", "quantity_info": [[450.0, "g"]], "image_url": "/media/uploads/public/60/287/972287-443bb-product_list.jpg", "unit_price_raw": "kr 15,33 per kg", "product_url": "https://kolonial.no/produkter/8774-rema-1000-surkal-450g/", "kolonial_id": "8774"},
  {"category": "Poser og folie", "category_list": ["Alle varer", "Husholdning og tekstil", "Poser og folie"], "title": "Br\u00f8dpose", "price": 19.3, "product_variant": "6l, 100 stk", "quantity_info": [[6.0, "l"], [100.0, "stk"]], "image_url": "/media/uploads/public/296/279/973879-c0e40-product_list.jpg", "unit_price_raw": "kr 0,19 per stk", "product_url": "https://kolonial.no/produkter/5308-soft-style-brodpose-6l/", "kolonial_id": "5308"},
  {"category": "Rulletobakk", "category_list": ["Alle varer", "Snus og tobakk", "Rulletobakk"], "title": "Petter\u00f8e's 3 Blanding Lys Bl\u00e5", "price": 259.9, "product_variant": "50 g", "quantity_info": [[50.0, "g"]], "image_url": "https://kolonial.no/static/products/img/placeholder.bffcea8d3530.png", "unit_price_raw": "kr 5198,00 per kg", "product_url": "https://kolonial.no/produkter/15558-petteroes-petteroes-3-blanding-lys-bla/", "kolonial_id": "15558"},
  {"category": "Rulletobakk", "category_list": ["Alle varer", "Snus og tobakk", "Rulletobakk"], "title": "Tiedemanns Gul Mix 3", "price": 258.9, "product_variant": "Rulletobakk, 50 g", "quantity_info": [[50.0, "g"]], "image_url": "https://kolonial.no/static/products/img/placeholder.bffcea8d3530.png", "unit_price_raw": "kr 5178,00 per kg", "product_url": "https://kolonial.no/produkter/15846-tiedemanns-tiedemanns-gul-mix-3-rulletobakk-50g/", "kolonial_id": "15846"},
  {"category": "Gr\u00f8t", "category_list": ["Alle varer", "Barneprodukter", "Gr\u00f8t"], "title": "Fullkorn Yoghurt P\u00e6re Banan", "price": 71.0, "product_variant": "Fra 8 mnd, 480 g", "quantity_info": [[8.0, "mnd"], [480.0, "g"]], "image_url": "/media/uploads/public/179/93/971293-841b3-product_list.jpg", "unit_price_raw": "kr 147,92 per kg", "product_url": "https://kolonial.no/produkter/23397-nestle-fullkorn-yoghurt-paere-banan-fra-8-mnd/", "kolonial_id": "23397"},
  {"category": "Honning og s\u00f8tp\u00e5legg", "category_list": ["Alle varer", "P\u00e5legg", "Honning og s\u00f8tp\u00e5legg"], "title": "Bringeb\u00e6rhonning Myk", "price": 90.9, "product_variant": "350 g", "quantity_info": [[350.0, "g"]], "image_url": "/media/uploads/public/252/179/970979-dc108-product_list.jpg", "unit_price_raw": "kr 259,71 per kg", "product_url": "https://kolonial.no/produkter/21856-kjartans-honning-bringebaerhonning-myk/", "kolonial_id": "21856"},
  {"category": "Honning og s\u00f8tp\u00e5legg", "category_list": ["Alle varer", "P\u00e5legg", "Honning og s\u00f8tp\u00e5legg"], "title": "Lynghonning Kraftig", "price": 90.9, "product_variant": "350 g", "quantity_info": [[350.0, "g"]], "image_url": "/media/uploads/public/226/177/970977-f5e5f-product_list.jpg", "unit_price_raw": "kr 259,71 per kg", "product_url": "https://kolonial.no/produkter/21862-kjartans-honning-lynghonning-kraftig/", "kolonial_id": "21862"},
  {"category": "Snus", "category_list": ["Alle varer", "Snus og tobakk", "Snus"], "title": "The LaB 06", "price": 92.9, "product_variant": "Ekstra Strong, 21,6 g", "quantity_info": [[21.6, "g"]], "image_url": "https://kolonial.no/static/products/img/placeholder.bffcea8d3530.png", "unit_price_raw": "kr 4300,93 per kg", "product_url": "https://kolonial.no/produkter/4069-lab-06-ekstra-strong/", "kolonial_id": "4069"},
  {"category": "Sigaretter", "category_list": ["Alle varer", "Snus og tobakk", "Sigaretter"], "title": "Lucky Strike True Blue", "price": 118.7, "product_variant": "20 stk", "quantity_info": [[20.0, "stk"]], "image_url": "https://kolonial.no/static/products/img/placeholder.bffcea8d3530.png", "unit_price_raw": "kr 5,94 per stk", "product_url": "https://kolonial.no/produkter/3811-lucky-strike-lucky-strike-true-blue/", "kolonial_id": "3811"},
  {"category": "Salatp\u00e5legg", "category_list": ["Alle varer", "P\u00e5legg", "Salatp\u00e5legg"], "title": "Rekesalat", "price": 28.5, "product_variant": "200 g", "quantity_info": [[200.0, "g"]], "image_url": "/media/uploads/public/363/79/1004079-727ba-product_list.jpg", "unit_price_raw": "kr 142,50 per kg", "product_url": "https://kolonial.no/produkter/584-delikat-rekesalat-200g/", "kolonial_id": "584"},
  {"category": "Leverpostei", "category_list": ["Alle varer", "P\u00e5legg", "Leverpostei"], "title": "Baconpostei", "price": 30.1, "product_variant": "185 g", "quantity_info": [[185.0, "g"]], "image_url": "/media/uploads/public/296/90/1004090-ba3c8-product_list.jpg", "unit_price_raw": "kr 162,70 per kg", "product_url": "https://kolonial.no/produkter/689-mills-baconpostei-185g/", "kolonial_id": "689"},
  {"category": "Majones og tubep\u00e5legg", "category_list": ["Alle varer", "P\u00e5legg", "Majones og tubep\u00e5legg"], "title": "Baconost", "price": 28.3, "product_variant": "Tube, 175 g", "quantity_info": [[175.0, "g"]], "image_url": "/media/uploads/public/271/134/967734-dbd78-product_list.jpg", "unit_price_raw": "kr 161,71 per kg", "product_url": "https://kolonial.no/produkter/456-kavli-baconost-tube-175g/", "kolonial_id": "456"},
  {"category": "Syltet\u00f8y", "category_list": ["Alle varer", "P\u00e5legg", "Syltet\u00f8y"], "title": "Jordb\u00e6rsyltet\u00f8y", "price": 41.5, "product_variant": "Lett, 535 g", "quantity_info": [[535.0, "g"]], "image_url": "/media/uploads/public/73/232/972232-e7e89-product_list.jpg", "unit_price_raw": "kr 77,57 per kg", "product_url": "https://kolonial.no/produkter/536-nora-jordbaersyltetoy-lett/", "kolonial_id": "536"},
  {"category": "Syltet\u00f8y", "category_list": ["Alle varer", "P\u00e5legg", "Syltet\u00f8y"], "title": "Moste Jordb\u00e6r Lett", "price": 38.8, "product_variant": "530 g", "quantity_info": [[530.0, "g"]], "image_url": "/media/uploads/public/13/75/965275-1b284-product_list.jpg", "unit_price_raw": "kr 73,21 per kg", "product_url": "https://kolonial.no/produkter/6517-nora-moste-jordbaer-lett-530g/", "kolonial_id": "6517"},
  {"category": "Fiskep\u00e5legg", "category_list": ["Alle varer", "P\u00e5legg", "Fiskep\u00e5legg"], "title": "Stabbur-Makrell Hakket Filet", "price": 15.1, "product_variant": "110 g", "quantity_info": [[110.0, "g"]], "image_url": "/media/uploads/public/225/171/973371-38ee8-product_list.jpg", "unit_price_raw": "kr 137,27 per kg", "product_url": "https://kolonial.no/produkter/6589-stabburet-stabbur-makrell-hakket-filet-110g/", "kolonial_id": "6589"},
  {"category": "Kj\u00f8tt- og kyllingp\u00e5legg", "category_list": ["Alle varer", "P\u00e5legg", "Kj\u00f8tt- og kyllingp\u00e5legg"], "title": "V\u00e5r Beste Skinke", "price": 32.2, "product_variant": "100 g", "quantity_info": [[100.0, "g"]], "image_url": "/media/uploads/public/380/14/154814-fcb51-product_list.jpg", "unit_price_raw": "kr 322,00 per kg", "product_url": "https://kolonial.no/produkter/4558-rema-1000-var-beste-skinke/", "kolonial_id": "4558"},
  {"category": "Spekemat og salami", "category_list": ["Alle varer", "P\u00e5legg", "Spekemat og salami"], "title": "Jubelsalami", "price": 48.2, "product_variant": "175 g", "quantity_info": [[175.0, "g"]], "image_url": "/media/uploads/public/152/274/970274-e4091-product_list.jpg", "unit_price_raw": "kr 275,43 per kg", "product_url": "https://kolonial.no/produkter/4591-grilstad-jubelsalami-200g/", "kolonial_id": "4591"},
  {"category": "Kattemat", "category_list": ["Alle varer", "Dyremat", "Kattemat"], "title": "Gourmet Perle Multipack", "price": 72.4, "product_variant": "Okse, Kylling, Kanin & Laks, 8x85g, 680 g", "quantity_info": [[8.0, "x"], [85.0, "g"], [680.0, "g"]], "image_url": "/media/uploads/public/375/335/965935-dce0d-product_list.jpg", "unit_price_raw": "kr 106,47 per kg", "product_url": "https://kolonial.no/produkter/12469-nestle-gourmet-perle-multipack-okse-kylling-kanin-/", "kolonial_id": "12469"},
  {"category": "Kattemat", "category_list": ["Alle varer", "Dyremat", "Kattemat"], "title": "Gourmet Mon Petit Fisk", "price": 35.1, "product_variant": "6x50g, 300 g", "quantity_info": [[6.0, "x"], [50.0, "g"], [300.0, "g"]], "image_url": "/media/uploads/public/118/289/967889-3958b-product_list.jpg", "unit_price_raw": "kr 117,00 per kg", "product_url": "https://kolonial.no/produkter/13441-nestle-gourmet-mon-petit-fisk-6x50g/", "kolonial_id": "13441"},
  {"category": "Fl\u00f8te og r\u00f8mmeprodukter", "category_list": ["Alle varer", "Melk, meieriprodukter og egg", "Fl\u00f8te og r\u00f8mmeprodukter"], "title": "Q-Dr\u00f8mmelett 5%", "price": 18.8, "product_variant": "300 g", "quantity_info": [[300.0, "g"]], "image_url": "/media/uploads/public/334/138/970538-d9d76-product_list.jpg", "unit_price_raw": "kr 62,67 per kg", "product_url": "https://kolonial.no/produkter/21652-q-meieriene-q-drommelett-5/", "kolonial_id": "21652"},
  {"category": "Yoghurt", "category_list": ["Alle varer", "Melk, meieriprodukter og egg", "Yoghurt"], "title": "Q Frokostyoghurt Melon & Pasjonsfrukt", "price": 35.6, "product_variant": "Pose, 800 g", "quantity_info": [[800.0, "g"]], "image_url": "/media/uploads/public/272/387/971187-c927e-product_list.jpg", "unit_price_raw": "kr 44,50 per kg", "product_url": "https://kolonial.no/produkter/23335-q-meieriene-q-frokostyoghurt-melon-pasjonsfrukt-po/", "kolonial_id": "23335"},
  {"category": "Sm\u00f8r og margarin", "category_list": ["Alle varer", "Melk, meieriprodukter og egg", "Sm\u00f8r og margarin"], "title": "Berit Nordstrand Rapskokos", "price": 46.5, "product_variant": "Flytende, 500 g", "quantity_info": [[500.0, "g"]], "image_url": "/media/uploads/public/296/284/971484-ce598-product_list.jpg", "unit_price_raw": "kr 93,00 per kg", "product_url": "https://kolonial.no/produkter/23665-synnove-berit-nordstrand-smoremyk-rapskokos-flyten/", "kolonial_id": "23665"},
  {"category": "Egg", "category_list": ["Alle varer", "Melk, meieriprodukter og egg", "Egg"], "title": "Egg Fra Frittg\u00e5ende H\u00f8ner", "price": 24.3, "product_variant": "Str M/L, 12 stk", "quantity_info": [[12.0, "stk"]], "image_url": "/media/uploads/public/0/212/8612-a5980-product_list.jpg", "unit_price_raw": "kr 30,38 per kg", "product_url": "https://kolonial.no/produkter/7783-solvinge-egg-fra-frittgaende-honer-str-ml-12-stk/", "kolonial_id": "7783"},
  {"category": "Energidrikk", "category_list": ["Alle varer", "Drikkevarer", "Energidrikk"], "title": "Monster Rossi", "price": 22.6, "product_variant": "0,5 l", "quantity_info": [[0.5, "l"]], "image_url": "/media/uploads/public/86/294/971094-f495c-product_list.jpg", "unit_price_raw": "kr 45,20 per l", "product_url": "https://kolonial.no/produkter/23298-monster-monster-rossi/", "kolonial_id": "23298"},
  {"category": "Kakao og sjokoladepulver", "category_list": ["Alle varer", "Drikkevarer", "Kakao og sjokoladepulver"], "title": "Sjokoladedrikk, Rett i Koppen", "price": 24.8, "product_variant": "10 poser, 10 stk", "quantity_info": [[10.0, "poser"], [10.0, "stk"]], "image_url": "/media/uploads/public/216/145/186145-1c30e-product_list.jpg", "unit_price_raw": "kr 2,48 per stk", "product_url": "https://kolonial.no/produkter/1795-toro-sjokoladedrikk-rett-i-koppen-10-poser/", "kolonial_id": "1795"},
  {"category": "Kakao og sjokoladepulver", "category_list": ["Alle varer", "Drikkevarer", "Kakao og sjokoladepulver"], "title": "Sjokoladepulver", "price": 29.9, "product_variant": "800 g", "quantity_info": [[800.0, "g"]], "image_url": "/media/uploads/public/80/296/966296-7ab40-product_list.jpg", "unit_price_raw": "kr 37,38 per kg", "product_url": "https://kolonial.no/produkter/8582-rema-1000-sjokoladepulver-800g/", "kolonial_id": "8582"},
  {"category": "Te", "category_list": ["Alle varer", "Drikkevarer", "Te"], "title": "Eple, Kanel & Rosin-te", "price": 50.9, "product_variant": "25 stk", "quantity_info": [[25.0, "stk"]], "image_url": "/media/uploads/public/272/62/970062-d91c8-product_list.jpg", "unit_price_raw": "kr 2,04 per stk", "product_url": "https://kolonial.no/produkter/20626-twinings-eple-kanel-rosin-te/", "kolonial_id": "20626"},
  {"category": "Kaffe", "category_list": ["Alle varer", "Drikkevarer", "Kaffe"], "title": "Frokostkaffe", "price": 31.1, "product_variant": "Kokmalt, 250 g", "quantity_info": [[250.0, "g"]], "image_url": "/media/uploads/public/244/22/965622-71c3b-product_list.jpg", "unit_price_raw": "kr 124,40 per kg", "product_url": "https://kolonial.no/produkter/938-friele-frokostkaffe-kokmalt-250g/", "kolonial_id": "938"},
  {"category": "Iste", "category_list": ["Alle varer", "Drikkevarer", "Iste"], "title": "Iste Original Zero", "price": 22.3, "product_variant": "0,5 l", "quantity_info": [[0.5, "l"]], "image_url": "/media/uploads/public/275/388/968388-8e52b-product_list.jpg", "unit_price_raw": "kr 44,60 per l", "product_url": "https://kolonial.no/produkter/12115-tine-iste-original-zero-1-2-l/", "kolonial_id": "12115"},
  {"category": "Saft", "category_list": ["Alle varer", "Drikkevarer", "Saft"], "title": "Bringeb\u00e6rsirup", "price": 51.5, "product_variant": "0,75 l", "quantity_info": [[0.75, "l"]], "image_url": "/media/uploads/public/186/390/155190-4b6ad-product_list.jpg", "unit_price_raw": "kr 68,67 per l", "product_url": "https://kolonial.no/produkter/24980-lerum-bringebaersirup/", "kolonial_id": "24980"},
  {"category": "Saft", "category_list": ["Alle varer", "Drikkevarer", "Saft"], "title": "Skogsb\u00e6rsaft", "price": 57.1, "product_variant": "Uten Tilsatt Sukker, 0,9 l", "quantity_info": [[0.9, "l"]], "image_url": "/media/uploads/public/52/63/155263-ee73c-product_list.jpg", "unit_price_raw": "kr 63,44 per l", "product_url": "https://kolonial.no/produkter/25079-lerum-skogsbaersaft/", "kolonial_id": "25079"},
  {"category": "Smoothie", "category_list": ["Alle varer", "Drikkevarer", "Smoothie"], "title": "Smoothie Jordb\u00e6r, Banan & Guava", "price": 40.9, "product_variant": "750 ml", "quantity_info": [[750.0, "ml"]], "image_url": "/media/uploads/public/105/92/158092-542bd-product_list.jpg", "unit_price_raw": "kr 54,53 per l", "product_url": "https://kolonial.no/produkter/24277-froosh-smoothie-jordbaer-banan-guava/", "kolonial_id": "24277"},
  {"category": "Juice", "category_list": ["Alle varer", "Drikkevarer", "Juice"], "title": "Appelsinjuice R\u00f8d Appelsin", "price": 29.0, "product_variant": "\u00d8kologisk, 1 l", "quantity_info": [[1.0, "l"]], "image_url": "/media/uploads/public/121/26/445626-8bace-product_list.jpg", "unit_price_raw": "kr 29,00 per l", "product_url": "https://kolonial.no/produkter/26219-kolonihagen-appelsinjuice-rod-appelsin-okologisk/", "kolonial_id": "26219"},
  {"category": "Juice", "category_list": ["Alle varer", "Drikkevarer", "Juice"], "title": "Appelsinjuice Premium", "price": 29.8, "product_variant": "1,5 l", "quantity_info": [[1.5, "l"]], "image_url": "/media/uploads/public/216/146/970946-53e98-product_list.jpg", "unit_price_raw": "kr 19,87 per l", "product_url": "https://kolonial.no/produkter/6781-rema-1000-appelsinjuice-premium-15l/", "kolonial_id": "6781"},
  {"category": "Vann og mineralvann", "category_list": ["Alle varer", "Drikkevarer", "Vann og mineralvann"], "title": "Farris Lime", "price": 21.8, "product_variant": "1,5 l", "quantity_info": [[1.5, "l"]], "image_url": "/media/uploads/public/0/119/6919-e5ff0-product_list.jpg", "unit_price_raw": "kr 14,53 per l", "product_url": "https://kolonial.no/produkter/7999-ringnes-farris-lime-15l/", "kolonial_id": "7999"},
  {"category": "Vann og mineralvann", "category_list": ["Alle varer", "Drikkevarer", "Vann og mineralvann"], "title": "Imsdal Vann", "price": 21.3, "product_variant": "1,5 l", "quantity_info": [[1.5, "l"]], "image_url": "/media/uploads/public/0/104/6904-5536e-product_list.jpg", "unit_price_raw": "kr 14,20 per l", "product_url": "https://kolonial.no/produkter/8014-imsdal-imsdal-vann/", "kolonial_id": "8014"},
  {"category": "Sm\u00f8reost og prim", "category_list": ["Alle varer", "Oster", "Sm\u00f8reost og prim"], "title": "Kremost", "price": 20.1, "product_variant": "Ananas & Mandarin, 125 g", "quantity_info": [[125.0, "g"]], "image_url": "/media/uploads/public/295/390/969990-fc354-product_list.jpg", "unit_price_raw": "kr 160,80 per kg", "product_url": "https://kolonial.no/produkter/2296-tine-kremost-ananas-mandarin-125g/", "kolonial_id": "2296"},
  {"category": "Sm\u00f8reost og prim", "category_list": ["Alle varer", "Oster", "Sm\u00f8reost og prim"], "title": "Karveost", "price": 33.3, "product_variant": "Beger, 200 g", "quantity_info": [[200.0, "g"]], "image_url": "/media/uploads/public/24/144/970544-2d93a-product_list.jpg", "unit_price_raw": "kr 166,50 per kg", "product_url": "https://kolonial.no/produkter/21799-kavli-karveost-beger/", "kolonial_id": "21799"},
  {"category": "Brunost", "category_list": ["Alle varer", "Oster", "Brunost"], "title": "Bestemorost", "price": 70.6, "product_variant": "500 g", "quantity_info": [[500.0, "g"]], "image_url": "/media/uploads/public/0/63/94063-a29a4-product_list.jpg", "unit_price_raw": "kr 141,20 per kg", "product_url": "https://kolonial.no/produkter/21571-tine-bestemorost/", "kolonial_id": "21571"},
  {"category": "Bleier", "category_list": ["Alle varer", "Barneprodukter", "Bleier"], "title": "Pampers Premium Protection New baby", "price": 22.6, "product_variant": "Str.2 4-8kg, 31 stk", "quantity_info": [[24.0, ""], [8.0, "kg"], [31.0, "stk"]], "image_url": "/media/uploads/public/250/291/973491-69d48-product_list.jpg", "unit_price_raw": "kr 0,73 per stk", "product_url": "https://kolonial.no/produkter/784-pampers-pampers-premium-protection-new-baby-str2-4/", "kolonial_id": "784"},
  {"category": "Bleier", "category_list": ["Alle varer", "Barneprodukter", "Bleier"], "title": "Pampers Premium Protection New Baby", "price": 25.1, "product_variant": "Str.3 6-10kg, 29 stk", "quantity_info": [[36.0, ""], [10.0, "kg"], [29.0, "stk"]], "image_url": "/media/uploads/public/163/254/970654-9188b-product_list.jpg", "unit_price_raw": "kr 0,87 per stk", "product_url": "https://kolonial.no/produkter/8444-pampers-pampers-premium-protection-new-baby-str3-6/", "kolonial_id": "8444"},
  {"category": "Lightere og fyrstikker", "category_list": ["Alle varer", "Snus og tobakk", "Lightere og fyrstikker"], "title": "Cricket Lighter", "price": 34.6, "product_variant": "1 stk", "quantity_info": [[1.0, "stk"]], "image_url": "/media/uploads/public/103/380/969180-46a4c-product_list.jpg", "unit_price_raw": "kr 34,60 per stk", "product_url": "https://kolonial.no/produkter/17710-cricket-lighter/", "kolonial_id": "17710"},
  {"category": "Spesialoster", "category_list": ["Alle varer", "Oster", "Spesialoster"], "title": "Manchego 3 mnd DOP", "price": 64.9, "product_variant": "200 g", "quantity_info": [[200.0, "g"]], "image_url": "/media/uploads/public/0/56/13256-31f30-product_list.jpg", "unit_price_raw": "kr 324,50 per kg", "product_url": "https://kolonial.no/produkter/9941-manchego-3-mnd-dop-200g/", "kolonial_id": "9941"},
  {"category": "Julens p\u00e5legg", "category_list": ["Alle varer", "P\u00e5legg", "Julens p\u00e5legg"], "title": "R\u00f8kt Skinke", "price": 100.0, "product_variant": "Str\u00f8m-Larsen, 200 g", "quantity_info": [[200.0, "g"]], "image_url": "/media/uploads/public/243/103/137303-65b21-product_list.jpg", "unit_price_raw": "kr 500,00 per kg", "product_url": "https://kolonial.no/produkter/18457-strom-larsen-rokt-skinke-strom-larsen/", "kolonial_id": "18457"},
  {"category": "Brus", "category_list": ["Alle varer", "Drikkevarer", "Brus"], "title": "Pepsi Max", "price": 30.4, "product_variant": "1,5 l", "quantity_info": [[1.5, "l"]], "image_url": "/media/uploads/public/0/385/20785-87962-product_list.jpg", "unit_price_raw": "kr 20,27 per l", "product_url": "https://kolonial.no/produkter/482-pepsico-pepsi-max-1-5l/", "kolonial_id": "482"},
  {"category": "Snacking", "category_list": ["Alle varer", "Pizza og taco", "Snacking"], "title": "Calzone Ost & Skinke", "price": 33.2, "product_variant": "305 g", "quantity_info": [[305.0, "g"]], "image_url": "/media/uploads/public/153/234/968234-106fc-product_list.jpg", "unit_price_raw": "kr 108,85 per kg", "product_url": "https://kolonial.no/produkter/15184-rema-1000-calzone-ost-skinke-305g/", "kolonial_id": "15184"},
  {"category": "Hundemat", "category_list": ["Alle varer", "Dyremat", "Hundemat"], "title": "Dentastix Medium", "price": 95.5, "product_variant": "720g, 28 stk", "quantity_info": [[720.0, "g"], [28.0, "stk"]], "image_url": "/media/uploads/public/287/230/971030-4b153-product_list.jpg", "unit_price_raw": "kr 3,41 per stk", "product_url": "https://kolonial.no/produkter/5734-pedigree-dentastix-medium-720g/", "kolonial_id": "5734"},
  {"category": "Snittblomster", "category_list": ["Alle varer", "Blomster og planter", "Snittblomster"], "title": "Tulipaner Mix", "price": 125.0, "product_variant": "15 stk", "quantity_info": [[15.0, "stk"]], "image_url": "/media/uploads/public/392/76/1018876-e78ef-product_list.jpg", "unit_price_raw": "kr 8,33 per stk", "product_url": "https://kolonial.no/produkter/27243-tulipaner-mix-15-stk/", "kolonial_id": "27243"},
  {"category": "Snittblomster", "category_list": ["Alle varer", "Blomster og planter", "Snittblomster"], "title": "Tulipaner Hvit", "price": 75.0, "product_variant": "10 stk", "quantity_info": [[10.0, "stk"]], "image_url": "/media/uploads/public/312/316/659916-be694-product_list.jpg", "unit_price_raw": "kr 7,50 per stk", "product_url": "https://kolonial.no/produkter/27132-fresh-flowers-tulipaner-hvit/", "kolonial_id": "27132"},
  {"category": "Buljong og fond", "category_list": ["Alle varer", "Olje og krydder", "Buljong og fond"], "title": "Klar fiskebuljong", "price": 30.1, "product_variant": "Terninger, 5 l", "quantity_info": [[5.0, "l"]], "image_url": "/media/uploads/public/268/57/966057-7a8c4-product_list.jpg", "unit_price_raw": "kr 6,02 per l", "product_url": "https://kolonial.no/produkter/837-maggi-klar-fiskebuljong-terninger/", "kolonial_id": "837"},
  {"category": "Kryddermiks", "category_list": ["Alle varer", "Olje og krydder", "Kryddermiks"], "title": "Raita Spice Mix", "price": 14.0, "product_variant": "8 g", "quantity_info": [[8.0, "g"]], "image_url": "/media/uploads/public/358/371/996371-e797a-product_list.jpg", "unit_price_raw": "kr 1750,00 per kg", "product_url": "https://kolonial.no/produkter/23375-santa-maria-raita-spice-mix/", "kolonial_id": "23375"},
  {"category": "Ketchup og sennep", "category_list": ["Alle varer", "Olje og krydder", "Ketchup og sennep"], "title": "Tomatketchup", "price": 12.0, "product_variant": "530 g", "quantity_info": [[530.0, "g"]], "image_url": "/media/uploads/public/85/52/965252-cd019-product_list.jpg", "unit_price_raw": "kr 22,64 per kg", "product_url": "https://kolonial.no/produkter/2032-idun-tomatketchup-540g/", "kolonial_id": "2032"},
  {"category": "Ketchup og sennep", "category_list": ["Alle varer", "Olje og krydder", "Ketchup og sennep"], "title": "Bergbys sennep", "price": 18.6, "product_variant": "510 g", "quantity_info": [[510.0, "g"]], "image_url": "/media/uploads/public/127/289/964289-e9384-product_list.jpg", "unit_price_raw": "kr 36,47 per kg", "product_url": "https://kolonial.no/produkter/1032-bergby-sennep/", "kolonial_id": "1032"},
  {"category": "Deodorant", "category_list": ["Alle varer", "Hygieneartikler", "Deodorant"], "title": "Roll-On Extra Effect", "price": 49.4, "product_variant": "60 ml", "quantity_info": [[60.0, "ml"]], "image_url": "/media/uploads/public/283/89/969289-2e44a-product_list.jpg", "unit_price_raw": "kr 823,33 per l", "product_url": "https://kolonial.no/produkter/26636-sterilan-roll-extra-effect/", "kolonial_id": "26636"},
  {"category": "Melk", "category_list": ["Alle varer", "Melk, meieriprodukter og egg", "Melk"], "title": "TineMelk Ekstra Lett", "price": 29.3, "product_variant": "1,75 l", "quantity_info": [[1.75, "l"]], "image_url": "/media/uploads/public/126/127/122527-1716e-product_list.jpg", "unit_price_raw": "kr 16,74 per l", "product_url": "https://kolonial.no/produkter/12079-tine-tinemelk-ekstra-lett-175l/", "kolonial_id": "12079"},
  {"category": "Melk", "category_list": ["Alle varer", "Melk, meieriprodukter og egg", "Melk"], "title": "TineMelk Ekstra Lett", "price": 15.9, "product_variant": "0,7%, 1 l", "quantity_info": [[0.7, ""], [1.0, "l"]], "image_url": "/media/uploads/public/102/129/122529-4cc78-product_list.jpg", "unit_price_raw": "kr 15,90 per l", "product_url": "https://kolonial.no/produkter/446-tine-tinemelk-ekstra-lett-1-liter/", "kolonial_id": "446"},
  {"category": "Barbering", "category_list": ["Alle varer", "Hygieneartikler", "Barbering"], "title": "Gillette Barberblad Proshield 4", "price": 288.4, "product_variant": "4 stk", "quantity_info": [[4.0, "stk"]], "image_url": "/media/uploads/public/51/244/973444-ab216-product_list.jpg", "unit_price_raw": "kr 72,10 per stk", "product_url": "https://kolonial.no/produkter/19492-gillette-gillette-barberblad-proshield-4/", "kolonial_id": "19492"},
  {"category": "Barbering", "category_list": ["Alle varer", "Hygieneartikler", "Barbering"], "title": "Gillette Barberh\u00f8vel Fusion", "price": 132.4, "product_variant": "1 stk", "quantity_info": [[1.0, "stk"]], "image_url": "/media/uploads/public/54/241/973441-1481c-product_list.jpg", "unit_price_raw": "kr 132,40 per stk", "product_url": "https://kolonial.no/produkter/25339-gillette-gillette-barberhovel-fusion/", "kolonial_id": "25339"},
  {"category": "Barnes\u00e5pe og babyolje", "category_list": ["Alle varer", "Shampo, s\u00e5pe og krem", "Barnes\u00e5pe og babyolje"], "title": "Baby Bad", "price": 36.9, "product_variant": "250 ml", "quantity_info": [[250.0, "ml"]], "image_url": "/media/uploads/public/205/131/262531-c97c4-product_list.jpg", "unit_price_raw": "kr 147,60 per l", "product_url": "https://kolonial.no/produkter/25523-neutral-baby-bad/", "kolonial_id": "25523"},
  {"category": "Bomull og ansiktsrens", "category_list": ["Alle varer", "Hygieneartikler", "Bomull og ansiktsrens"], "title": "Eye & Lip Express", "price": 54.4, "product_variant": "Vannfast Sminkefjerner, 125 ml", "quantity_info": [[125.0, "ml"]], "image_url": "/media/uploads/public/209/114/966114-a7d1c-product_list.jpg", "unit_price_raw": "kr 435,20 per l", "product_url": "https://kolonial.no/produkter/12712-loreal-eye-lip-express-vannfast-sminkefjerner-125m/", "kolonial_id": "12712"},
  {"category": "Krydder", "category_list": ["Alle varer", "Olje og krydder", "Krydder"], "title": "Garam Masala", "price": 22.2, "product_variant": "0,06 kg", "quantity_info": [[0.06, "kg"]], "image_url": "/media/uploads/public/21/323/965523-a392a-product_list.jpg", "unit_price_raw": "kr 370,00 per kg", "product_url": "https://kolonial.no/produkter/10993-toro-garam-masala/", "kolonial_id": "10993"},
  {"category": "Krydder", "category_list": ["Alle varer", "Olje og krydder", "Krydder"], "title": "Hvitl\u00f8ksalt", "price": 17.1, "product_variant": "150 g", "quantity_info": [[150.0, "g"]], "image_url": "/media/uploads/public/204/37/965637-8edc5-product_list.jpg", "unit_price_raw": "kr 114,00 per kg", "product_url": "https://kolonial.no/produkter/6130-toro-hvitloksalt-150g/", "kolonial_id": "6130"},
  {"category": "Helsekost", "category_list": ["Alle varer", "Legemidler og helsekost", "Helsekost"], "title": "Intensiv Sjokolade Shake", "price": 209.5, "product_variant": "0,5 kg", "quantity_info": [[0.5, "kg"]], "image_url": "/media/uploads/public/260/263/972663-c53e0-product_list.jpg", "unit_price_raw": "kr 419,00 per kg", "product_url": "https://kolonial.no/produkter/9740-nutrilett-intensiv-sjokolade-shake/", "kolonial_id": "9740"},
  {"category": "Proteinbar og m\u00fcslibar", "category_list": ["Alle varer", "Legemidler og helsekost", "Proteinbar og m\u00fcslibar"], "title": "Crunch Bar", "price": 36.3, "product_variant": "0,06 kg", "quantity_info": [[0.06, "kg"]], "image_url": "/media/uploads/public/343/353/964353-f430e-product_list.jpg", "unit_price_raw": "kr 605,00 per kg", "product_url": "https://kolonial.no/produkter/9743-nutrilett-crunch-bar/", "kolonial_id": "9743"},
  {"category": "Bind og tamponger", "category_list": ["Alle varer", "Hygieneartikler", "Bind og tamponger"], "title": "Bind Ultra Night Wing", "price": 33.1, "product_variant": "10 stk", "quantity_info": [[10.0, "stk"]], "image_url": "/media/uploads/public/93/175/964975-4b016-product_list.jpg", "unit_price_raw": "kr 3,31 per stk", "product_url": "https://kolonial.no/produkter/7021-libresse-bind-ultra-night-wing-10-stk/", "kolonial_id": "7021"},
  {"category": "Nikotinprodukter", "category_list": ["Alle varer", "Legemidler og helsekost", "Nikotinprodukter"], "title": "Zonnic Porsjonspose Mint", "price": 77.3, "product_variant": "4 mg, 20 stk", "quantity_info": [[4.0, "mg"], [20.0, "stk"]], "image_url": "/media/uploads/public/60/143/971343-2df52-product_list.jpg", "unit_price_raw": "kr 3,87 per stk", "product_url": "https://kolonial.no/produkter/23380-zonnic-zonnic-porsjonspose-mint-4-mg/", "kolonial_id": "23380"},
  {"category": "Nikotinprodukter", "category_list": ["Alle varer", "Legemidler og helsekost", "Nikotinprodukter"], "title": "Nicotinell Icemint", "price": 247.4, "product_variant": "2 mg, 96 stk", "quantity_info": [[2.0, "mg"], [96.0, "stk"]], "image_url": "/media/uploads/public/344/329/121529-df5ce-product_list.jpg", "unit_price_raw": "kr 2,58 per stk", "product_url": "https://kolonial.no/produkter/23171-nicotinell-nicotinell-icemint-2-mg/", "kolonial_id": "23171"},
  {"category": "Kluter, svamper og hansker", "category_list": ["Alle varer", "T\u00f8rkepapir og vaskemidler", "Kluter, svamper og hansker"], "title": "Mikrofiber T\u00f8rkeh\u00e5ndkle", "price": 23.6, "product_variant": "1 stk", "quantity_info": [[1.0, "stk"]], "image_url": "/media/uploads/public/356/356/966356-46ab2-product_list.jpg", "unit_price_raw": "kr 23,60 per stk", "product_url": "https://kolonial.no/produkter/5068-soft-style-mikrofiber-torkehandkle-1-stk/", "kolonial_id": "5068"},
  {"category": "Shampo og h\u00e5rprodukter", "category_list": ["Alle varer", "Shampo, s\u00e5pe og krem", "Shampo og h\u00e5rprodukter"], "title": "Anti-Breakage Shampoo", "price": 39.4, "product_variant": "ElVital, 250 ml", "quantity_info": [[250.0, "ml"]], "image_url": "/media/uploads/public/224/155/967755-18167-product_list.jpg", "unit_price_raw": "kr 157,60 per l", "product_url": "https://kolonial.no/produkter/12721-loreal-anti-breakage-shampoo-elvital-250ml/", "kolonial_id": "12721"},
  {"category": "Krem", "category_list": ["Alle varer", "Shampo, s\u00e5pe og krem", "Krem"], "title": "Dr. Greve Dagkrem", "price": 73.8, "product_variant": "75 ml", "quantity_info": [[75.0, "ml"]], "image_url": "/media/uploads/public/65/323/963923-7fdb0-product_list.jpg", "unit_price_raw": "kr 984,00 per l", "product_url": "https://kolonial.no/produkter/26603-dr-greve-dr-greve-dagkrem/", "kolonial_id": "26603"},
  {"category": "Gulost", "category_list": ["Alle varer", "Oster", "Gulost"], "title": "Gouda Ost i Bit", "price": 99.9, "product_variant": "ca. 1 kg", "quantity_info": [[1.0, "kg"]], "image_url": "/media/uploads/public/54/34/973634-f2f6a-product_list.jpg", "unit_price_raw": "kr 99,90 per kg", "product_url": "https://kolonial.no/produkter/27587-vergeer-gouda-ost-i-bit/", "kolonial_id": "27587"},
  {"category": "Oppvask", "category_list": ["Alle varer", "T\u00f8rkepapir og vaskemidler", "Oppvask"], "title": "Yes Maskinoppvask Platinum", "price": 48.5, "product_variant": "16 Tabletter, 16 stk", "quantity_info": [[16.0, "Tabletter"], [16.0, "stk"]], "image_url": "/media/uploads/public/249/187/972187-17b8e-product_list.jpg", "unit_price_raw": "kr 3,03 per stk", "product_url": "https://kolonial.no/produkter/6526-yes-yes-maskinoppvask-platinum-16-tabletter/", "kolonial_id": "6526"},
  {"category": "Oppvask", "category_list": ["Alle varer", "T\u00f8rkepapir og vaskemidler", "Oppvask"], "title": "Maskinoppvaskpulver", "price": 27.0, "product_variant": "1 kg", "quantity_info": [[1.0, "kg"]], "image_url": "/media/uploads/public/123/49/971649-7a054-product_list.jpg", "unit_price_raw": "kr 27,00 per kg", "product_url": "https://kolonial.no/produkter/8494-rema-1000-maskinoppvaskpulver-1kg/", "kolonial_id": "8494"},
  {"category": "Fiskekaker", "category_list": ["Alle varer", "Fisk og sj\u00f8mat", "Fiskekaker"], "title": "Fiskekaker", "price": 49.0, "product_variant": "75% Fisk, Laktosefri, 600 g", "quantity_info": [[75.0, "FiskLaktosefri"], [600.0, "g"]], "image_url": "/media/uploads/public/277/260/789860-59e32-product_list.jpg", "unit_price_raw": "kr 81,67 per kg", "product_url": "https://kolonial.no/produkter/24587-godehav-fiskekaker-laktosefri/", "kolonial_id": "24587"},
  {"category": "Fryst pizza", "category_list": ["Alle varer", "Pizza og taco", "Fryst pizza"], "title": "Big One Grilled Steak", "price": 84.4, "product_variant": "590 g", "quantity_info": [[590.0, "g"]], "image_url": "/media/uploads/public/329/366/972766-c82b8-product_list.jpg", "unit_price_raw": "kr 143,05 per kg", "product_url": "https://kolonial.no/produkter/4264-big-one-big-one-grilled-steak/", "kolonial_id": "4264"},
  {"category": "Tannpleie", "category_list": ["Alle varer", "Hygieneartikler", "Tannpleie"], "title": "Listerine Fluoride", "price": 83.3, "product_variant": "0,5 l", "quantity_info": [[0.5, "l"]], "image_url": "/media/uploads/public/138/77/188077-98028-product_list.jpg", "unit_price_raw": "kr 166,60 per l", "product_url": "https://kolonial.no/produkter/25078-listerine-fluoride-500ml-0-5-l/", "kolonial_id": "25078"},
  {"category": "Vaskemidler", "category_list": ["Alle varer", "T\u00f8rkepapir og vaskemidler", "Vaskemidler"], "title": "Allrent", "price": 36.9, "product_variant": "Frisk duft, 0,75 l", "quantity_info": [[0.75, "l"]], "image_url": "/media/uploads/public/359/289/972689-3f50b-product_list.jpg", "unit_price_raw": "kr 49,20 per l", "product_url": "https://kolonial.no/produkter/679-klar-allrent-frisk-duft/", "kolonial_id": "679"},
  {"category": "Vaskemidler", "category_list": ["Alle varer", "T\u00f8rkepapir og vaskemidler", "Vaskemidler"], "title": "Kj\u00f8kken", "price": 35.8, "product_variant": "Spray, 500 ml", "quantity_info": [[500.0, "ml"]], "image_url": "/media/uploads/public/279/313/1007913-95013-product_list.jpg", "unit_price_raw": "kr 71,60 per l", "product_url": "https://kolonial.no/produkter/1090-jif-kjokken-spray-500ml/", "kolonial_id": "1090"},
  {"category": "Frossen fisk og sj\u00f8mat", "category_list": ["Alle varer", "Fisk og sj\u00f8mat", "Frossen fisk og sj\u00f8mat"], "title": "Familiens Fiskegrateng", "price": 60.7, "product_variant": "1 kg", "quantity_info": [[1.0, "kg"]], "image_url": "/media/uploads/public/156/243/968643-148b7-product_list.jpg", "unit_price_raw": "kr 60,70 per kg", "product_url": "https://kolonial.no/produkter/16188-findus-familiens-fiskegrateng/", "kolonial_id": "16188"},
  {"category": "Frossen fisk og sj\u00f8mat", "category_list": ["Alle varer", "Fisk og sj\u00f8mat", "Frossen fisk og sj\u00f8mat"], "title": "Panert Torsk med Sitron & Pepper", "price": 50.2, "product_variant": "225 g", "quantity_info": [[225.0, "g"]], "image_url": "/media/uploads/public/289/378/971178-d1cc0-product_list.jpg", "unit_price_raw": "kr 223,11 per kg", "product_url": "https://kolonial.no/produkter/23357-findus-panert-torsk-med-sitron-pepper/", "kolonial_id": "23357"},
  {"category": "Revet ost", "category_list": ["Alle varer", "Oster", "Revet ost"], "title": "Revet Ostemix", "price": 31.8, "product_variant": "Taste Lab, 200 g", "quantity_info": [[200.0, "g"]], "image_url": "/media/uploads/public/289/141/971741-e550e-product_list.jpg", "unit_price_raw": "kr 159,00 per kg", "product_url": "https://kolonial.no/produkter/24015-rema-1000-revet-ostemix-taste-lab/", "kolonial_id": "24015"},
  {"category": "Baketilbeh\u00f8r", "category_list": ["Alle varer", "Mel og bakeingredienser", "Baketilbeh\u00f8r"], "title": "Regia Bakekakao", "price": 43.5, "product_variant": "250 g", "quantity_info": [[250.0, "g"]], "image_url": "/media/uploads/public/226/184/964584-553fc-product_list.jpg", "unit_price_raw": "kr 174,00 per kg", "product_url": "https://kolonial.no/produkter/17-freia-regia-bakekakao-250g/", "kolonial_id": "17"},
  {"category": "Baketilbeh\u00f8r", "category_list": ["Alle varer", "Mel og bakeingredienser", "Baketilbeh\u00f8r"], "title": "Melis", "price": 16.4, "product_variant": "500 g", "quantity_info": [[500.0, "g"]], "image_url": "/media/uploads/public/195/337/965137-5f35f-product_list.jpg", "unit_price_raw": "kr 32,80 per kg", "product_url": "https://kolonial.no/produkter/6646-dansukker-melis-500g/", "kolonial_id": "6646"},
  {"category": "Ferske br\u00f8d", "category_list": ["Alle varer", "Br\u00f8d og frokostblandinger", "Ferske br\u00f8d"], "title": "Loff", "price": 6.9, "product_variant": "V\u00e5r laveste pris, 630 g", "quantity_info": [[630.0, "g"]], "image_url": "/media/uploads/public/270/243/702643-d2ff0-product_list.jpg", "unit_price_raw": "kr 10,95 per kg", "product_url": "https://kolonial.no/produkter/26553-loff-var-laveste-pris/", "kolonial_id": "26553"},
  {"category": "Hermetisert sj\u00f8mat", "category_list": ["Alle varer", "Fisk og sj\u00f8mat", "Hermetisert sj\u00f8mat"], "title": "Tunfisk i Olivenolje", "price": 20.4, "product_variant": "85 g", "quantity_info": [[85.0, "g"]], "image_url": "/media/uploads/public/279/18/969618-7d364-product_list.jpg", "unit_price_raw": "kr 240,00 per kg", "product_url": "https://kolonial.no/produkter/18850-king-oscar-tunfisk-i-olivenolje/", "kolonial_id": "18850"},
  {"category": "Klesvask", "category_list": ["Alle varer", "T\u00f8rkepapir og vaskemidler", "Klesvask"], "title": "Neutral Vaskekapsler Color", "price": 36.9, "product_variant": "12 stk", "quantity_info": [[12.0, "stk"]], "image_url": "/media/uploads/public/321/386/815586-54529-product_list.jpg", "unit_price_raw": "kr 3,08 per stk", "product_url": "https://kolonial.no/produkter/27806-neutral-neutral-vaskekapsler-color/", "kolonial_id": "27806"},
  {"category": "R\u00f8kt og gravet fisk", "category_list": ["Alle varer", "Fisk og sj\u00f8mat", "R\u00f8kt og gravet fisk"], "title": "Gravet Laks i Skiver", "price": 50.6, "product_variant": "100 g", "quantity_info": [[100.0, "g"]], "image_url": "/media/uploads/public/156/160/142160-d9366-product_list.jpg", "unit_price_raw": "kr 506,00 per kg", "product_url": "https://kolonial.no/produkter/24250-troll-salmon-gravet-laks-i-skiver/", "kolonial_id": "24250"},
  {"category": "Fersk fisk", "category_list": ["Alle varer", "Fisk og sj\u00f8mat", "Fersk fisk"], "title": "Torskefilet Lettsaltet", "price": 69.9, "product_variant": "Domstein, \n                            \n\n                            Med Skinn Villfisk, ca. 400 g", "quantity_info": [[400.0, "g"]], "image_url": "/media/uploads/public/176/344/152744-4d0b0-product_list_large.jpg", "unit_price_raw": "kr 174,75 per kg", "product_url": "https://kolonial.no/produkter/24895-domstein-torskefilet-lettsaltet-villfisk/", "kolonial_id": "24895"},
  {"category": "Oljer og dressinger", "category_list": ["Alle varer", "Olje og krydder", "Oljer og dressinger"], "title": "Balsamico Cream", "price": 74.9, "product_variant": "250 ml", "quantity_info": [[250.0, "ml"]], "image_url": "/media/uploads/public/348/169/999769-f7b48-product_list.jpg", "unit_price_raw": "kr 299,60 per l", "product_url": "https://kolonial.no/produkter/604-il-torrione-balsamico-cream-025l/", "kolonial_id": "604"},
  {"category": "Ferdigmikser", "category_list": ["Alle varer", "Mel og bakeingredienser", "Ferdigmikser"], "title": "Brownies", "price": 54.5, "product_variant": "500 g", "quantity_info": [[500.0, "g"]], "image_url": "/media/uploads/public/139/242/969042-62607-product_list.jpg", "unit_price_raw": "kr 109,00 per kg", "product_url": "https://kolonial.no/produkter/17356-regal-brownies/", "kolonial_id": "17356"},
  {"category": "Ferdigmikser", "category_list": ["Alle varer", "Mel og bakeingredienser", "Ferdigmikser"], "title": "Sjokoladeglasur Langpanne", "price": 33.6, "product_variant": "278 g", "quantity_info": [[278.0, "g"]], "image_url": "/media/uploads/public/112/284/991484-989f3-product_list.jpg", "unit_price_raw": "kr 120,86 per kg", "product_url": "https://kolonial.no/produkter/10727-toro-sjokoladeglasur-langpanne-278g/", "kolonial_id": "10727"},
  {"category": "Tyggis og pastiller", "category_list": ["Alle varer", "Snacks og godteri", "Tyggis og pastiller"], "title": "Mynthon Original Tyggepastill", "price": 13.8, "product_variant": "30 g", "quantity_info": [[30.0, "g"]], "image_url": "/media/uploads/public/141/219/201419-2df0d-product_list.jpg", "unit_price_raw": "kr 460,00 per kg", "product_url": "https://kolonial.no/produkter/15483-cloetta-mynthon-original-tyggepastill/", "kolonial_id": "15483"},
  {"category": "Storfe", "category_list": ["Alle varer", "Kj\u00f8tt og kylling", "Storfe"], "title": "Storfe Pepperbiff", "price": 135.0, "product_variant": "ca. 390 g", "quantity_info": [[390.0, "g"]], "image_url": "/media/uploads/public/41/171/916171-12eba-product_list.jpg", "unit_price_raw": "kr 346,15 per kg", "product_url": "https://kolonial.no/produkter/25803-gilde-storfe-pepperbiff/", "kolonial_id": "25803"},
  {"category": "Storfe", "category_list": ["Alle varer", "Kj\u00f8tt og kylling", "Storfe"], "title": "Storfe Ytrefilet", "price": 165.9, "product_variant": "ca. 350 g", "quantity_info": [[350.0, "g"]], "image_url": "/media/uploads/public/215/169/916169-9b763-product_list.jpg", "unit_price_raw": "kr 474,00 per kg", "product_url": "https://kolonial.no/produkter/25766-gilde-storfe-ytrefilet/", "kolonial_id": "25766"},
  {"category": "P\u00f8lsebr\u00f8d, hamburgerbr\u00f8d og boller", "category_list": ["Alle varer", "Br\u00f8d og frokostblandinger", "P\u00f8lsebr\u00f8d, hamburgerbr\u00f8d og boller"], "title": "Hamburgerbr\u00f8d", "price": 46.7, "product_variant": "Glutenfri, 300 g", "quantity_info": [[300.0, "g"]], "image_url": "/media/uploads/public/237/234/969834-358a0-product_list.jpg", "unit_price_raw": "kr 155,67 per kg", "product_url": "https://kolonial.no/produkter/19312-schar-hamburgerbrod-glutenfri/", "kolonial_id": "19312"},
  {"category": "P\u00f8lsebr\u00f8d, hamburgerbr\u00f8d og boller", "category_list": ["Alle varer", "Br\u00f8d og frokostblandinger", "P\u00f8lsebr\u00f8d, hamburgerbr\u00f8d og boller"], "title": "Storeh\u00f8vding Hamburgerbr\u00f8d", "price": 34.5, "product_variant": "540 g", "quantity_info": [[540.0, "g"]], "image_url": "/media/uploads/public/247/383/973583-12252-product_list.jpg", "unit_price_raw": "kr 63,89 per kg", "product_url": "https://kolonial.no/produkter/19354-hatting-storehovding-hamburgerbrod/", "kolonial_id": "19354"},
  {"category": "Frokostblandinger og gryn", "category_list": ["Alle varer", "Br\u00f8d og frokostblandinger", "Frokostblandinger og gryn"], "title": "Honni Korn Smacks", "price": 35.4, "product_variant": "450 g", "quantity_info": [[450.0, "g"]], "image_url": "/media/uploads/public/0/208/3808-b9815-product_list.jpg", "unit_price_raw": "kr 78,67 per kg", "product_url": "https://kolonial.no/produkter/121-kelloggs-honni-korn-smacks-450g/", "kolonial_id": "121"},
  {"category": "Bursdag", "category_list": ["Alle varer", "Barneprodukter", "Bursdag"], "title": "Suger\u00f8r Rosa", "price": 41.2, "product_variant": "24 stk", "quantity_info": [[24.0, "stk"]], "image_url": "/media/uploads/public/297/12/130412-9a581-product_list.jpg", "unit_price_raw": "kr 1,72 per stk", "product_url": "https://kolonial.no/produkter/23558-festligeting-sugeror-rosa/", "kolonial_id": "23558"},
  {"category": "Frosne br\u00f8d og rundstykker", "category_list": ["Alle varer", "Br\u00f8d og frokostblandinger", "Frosne br\u00f8d og rundstykker"], "title": "Pitabr\u00f8d Med Spelt Grove", "price": 33.9, "product_variant": "5 stk, 400 g", "quantity_info": [[5.0, "stk"], [400.0, "g"]], "image_url": "/media/uploads/public/385/57/970457-e21b0-product_list.jpg", "unit_price_raw": "kr 84,75 per kg", "product_url": "https://kolonial.no/produkter/21451-hatting-pitabrod-med-spelt-grove-5-stk/", "kolonial_id": "21451"},
  {"category": "Smokker og t\u00e5teflasker", "category_list": ["Alle varer", "Barneprodukter", "Smokker og t\u00e5teflasker"], "title": "Bitering Mini Cooler And Clip", "price": 92.5, "product_variant": "Assortert Variant, 1 stk", "quantity_info": [[1.0, "stk"]], "image_url": "/media/uploads/public/39/75/971275-24e30-product_list.jpg", "unit_price_raw": "kr 92,50 per stk", "product_url": "https://kolonial.no/produkter/23378-mam-bitering-mini-cooler-and-clip-assortert-varian/", "kolonial_id": "23378"},
  {"category": "Supper", "category_list": ["Alle varer", "Middager og tilbeh\u00f8r", "Supper"], "title": "Kremet blomk\u00e5lsuppe", "price": 23.4, "product_variant": "65 g", "quantity_info": [[65.0, "g"]], "image_url": "/media/uploads/public/265/116/967316-98e78-product_list.jpg", "unit_price_raw": "kr 360,00 per kg", "product_url": "https://kolonial.no/produkter/761-toro-kremet-blomkalsuppe/", "kolonial_id": "761"},
  {"category": "Knekkebr\u00f8d", "category_list": ["Alle varer", "Br\u00f8d og frokostblandinger", "Knekkebr\u00f8d"], "title": "Knekkebr\u00f8d", "price": 27.1, "product_variant": "Godt Stekt, 200 g", "quantity_info": [[200.0, "g"]], "image_url": "/media/uploads/public/158/123/970123-519e3-product_list.jpg", "unit_price_raw": "kr 135,50 per kg", "product_url": "https://kolonial.no/produkter/5800-leksands-knekkebrod-godt-stekt-200g/", "kolonial_id": "5800"},
  {"category": "Langtidsholdbare br\u00f8d", "category_list": ["Alle varer", "Br\u00f8d og frokostblandinger", "Langtidsholdbare br\u00f8d"], "title": "J\u00e4ttefranska", "price": 43.5, "product_variant": "1100 g", "quantity_info": [[1100.0, "g"]], "image_url": "/media/uploads/public/76/201/973401-ad36d-product_list.jpg", "unit_price_raw": "kr 39,55 per kg", "product_url": "https://kolonial.no/produkter/3319-pagen-jattefranska-1200g/", "kolonial_id": "3319"},
  {"category": "V\u00e5tservietter og s\u00e5pe", "category_list": ["Alle varer", "Barneprodukter", "V\u00e5tservietter og s\u00e5pe"], "title": "Ammeinnlegg", "price": 41.0, "product_variant": "50 stk", "quantity_info": [[50.0, "stk"]], "image_url": "/media/uploads/public/17/160/968160-684cd-product_list.jpg", "unit_price_raw": "kr 0,82 per stk", "product_url": "https://kolonial.no/produkter/13759-rema-1000-ammeinnlegg-50-stk/", "kolonial_id": "13759"},
  {"category": "Pasta og nudler", "category_list": ["Alle varer", "Middager og tilbeh\u00f8r", "Pasta og nudler"], "title": "Spaghetti Glutenfri", "price": 45.9, "product_variant": "500 g", "quantity_info": [[500.0, "g"]], "image_url": "/media/uploads/public/309/248/131048-a2abb-product_list.jpg", "unit_price_raw": "kr 91,80 per kg", "product_url": "https://kolonial.no/produkter/23578-rummo-spaghetti-glutenfri/", "kolonial_id": "23578"},
  {"category": "Pasta og nudler", "category_list": ["Alle varer", "Middager og tilbeh\u00f8r", "Pasta og nudler"], "title": "Fullkorn Spaghetti", "price": 14.9, "product_variant": "500 g", "quantity_info": [[500.0, "g"]], "image_url": "/media/uploads/public/329/237/966237-4d3fd-product_list.jpg", "unit_price_raw": "kr 29,80 per kg", "product_url": "https://kolonial.no/produkter/8472-rema-1000-fullkorn-spaghetti-500g/", "kolonial_id": "8472"},
  {"category": "Batterier", "category_list": ["Alle varer", "Husholdning og tekstil", "Batterier"], "title": "Batterier Ultra Power", "price": 50.1, "product_variant": "AA, 4 stk", "quantity_info": [[4.0, "stk"]], "image_url": "/media/uploads/public/152/102/965302-ab3ee-product_list.jpg", "unit_price_raw": "kr 12,53 per stk", "product_url": "https://kolonial.no/produkter/6622-duracell-batterier-ultra-power-aa-4-stk/", "kolonial_id": "6622"},
  {"category": "Hamburgere", "category_list": ["Alle varer", "Kj\u00f8tt og kylling", "Hamburgere"], "title": "Burgere Vegansk", "price": 57.3, "product_variant": "300 g", "quantity_info": [[300.0, "g"]], "image_url": "/media/uploads/public/219/356/1013556-5a57b-product_list.jpg", "unit_price_raw": "kr 191,00 per kg", "product_url": "https://kolonial.no/produkter/13420-halsans-kok-burgere-vegetar-300g/", "kolonial_id": "13420"},
  {"category": "Hermetisert frukt og gr\u00f8nt", "category_list": ["Alle varer", "Frukt og gr\u00f8nt", "Hermetisert frukt og gr\u00f8nt"], "title": "Maiskorn", "price": 6.7, "product_variant": "340 g", "quantity_info": [[340.0, "g"]], "image_url": "/media/uploads/public/135/368/968368-959f9-product_list.jpg", "unit_price_raw": "kr 19,71 per kg", "product_url": "https://kolonial.no/produkter/8792-rema-1000-maiskorn-340g/", "kolonial_id": "8792"},
  {"category": "Diverse husholdning", "category_list": ["Alle varer", "Husholdning og tekstil", "Diverse husholdning"], "title": "Kaffefilter", "price": 54.8, "product_variant": "90mm, 250 stk", "quantity_info": [[90.0, "mm"], [250.0, "stk"]], "image_url": "/media/uploads/public/0/235/23035-9c4ee-product_list.jpg", "unit_price_raw": "kr 0,22 per stk", "product_url": "https://kolonial.no/produkter/12700-unil-kaffefilter-90mm-250stk/", "kolonial_id": "12700"},
  {"category": "Diverse husholdning", "category_list": ["Alle varer", "Husholdning og tekstil", "Diverse husholdning"], "title": "Rensemiddel til kaffetrakter", "price": 40.6, "product_variant": "1 stk", "quantity_info": [[1.0, "stk"]], "image_url": "/media/uploads/public/106/316/968316-ae3df-product_list.jpg", "unit_price_raw": "kr 40,60 per stk", "product_url": "https://kolonial.no/produkter/462-rensemiddel-til-kaffetrakter/", "kolonial_id": "462"},
  {"category": "Kj\u00f8ttdeig og karbonadedeig", "category_list": ["Alle varer", "Kj\u00f8tt og kylling", "Kj\u00f8ttdeig og karbonadedeig"], "title": "Kj\u00f8ttdeig Av 100% Kyllingfilet", "price": 34.9, "product_variant": "400 g", "quantity_info": [[400.0, "g"]], "image_url": "/media/uploads/public/160/348/973948-16394-product_list.jpg", "unit_price_raw": "kr 87,25 per kg", "product_url": "https://kolonial.no/produkter/27862-den-stolte-hane-kjottdeig-av-100-kyllingfilet/", "kolonial_id": "27862"},
  {"category": "Urter og spirer", "category_list": ["Alle varer", "Frukt og gr\u00f8nt", "Urter og spirer"], "title": "Brokkolispirer", "price": 28.9, "product_variant": "Norge, 50 g", "quantity_info": [[50.0, "g"]], "image_url": "/media/uploads/public/130/15/642815-a9519-product_list.jpg", "unit_price_raw": "kr 578,00 per kg", "product_url": "https://kolonial.no/produkter/26468-brokkolispirer-norge/", "kolonial_id": "26468"},
  {"category": "Urter og spirer", "category_list": ["Alle varer", "Frukt og gr\u00f8nt", "Urter og spirer"], "title": "Reddikspirer", "price": 28.9, "product_variant": "Norge, 50 g", "quantity_info": [[50.0, "g"]], "image_url": "/media/uploads/public/22/117/613317-c6555-product_list.jpg", "unit_price_raw": "kr 578,00 per kg", "product_url": "https://kolonial.no/produkter/26467-reddikspirer-norge/", "kolonial_id": "26467"},
  {"category": "Ferdige middagsretter", "category_list": ["Alle varer", "Middager og tilbeh\u00f8r", "Ferdige middagsretter"], "title": "Meksikansk Gryte", "price": 72.6, "product_variant": "400 g", "quantity_info": [[400.0, "g"]], "image_url": "/media/uploads/public/120/288/967888-9dea8-product_list.jpg", "unit_price_raw": "kr 181,50 per kg", "product_url": "https://kolonial.no/produkter/12511-toro-meksikansk-gryte-400g/", "kolonial_id": "12511"},
  {"category": "Ferdigsauser", "category_list": ["Alle varer", "Middager og tilbeh\u00f8r", "Ferdigsauser"], "title": "Eriks Bearnaise", "price": 34.0, "product_variant": "230 ml", "quantity_info": [[230.0, "ml"]], "image_url": "/media/uploads/public/0/116/13316-6c88e-product_list.jpg", "unit_price_raw": "kr 147,83 per l", "product_url": "https://kolonial.no/produkter/9881-eriks-eriks-bearnaise-230ml/", "kolonial_id": "9881"},
  {"category": "P\u00f8lser", "category_list": ["Alle varer", "Kj\u00f8tt og kylling", "P\u00f8lser"], "title": "Kylling Wiener", "price": 45.7, "product_variant": "500 g", "quantity_info": [[500.0, "g"]], "image_url": "/media/uploads/public/236/261/973861-e16ae-product_list.jpg", "unit_price_raw": "kr 91,40 per kg", "product_url": "https://kolonial.no/produkter/27644-akeberg-skoglunn-kylling-wiener/", "kolonial_id": "27644"},
  {"category": "Kontor", "category_list": ["Alle varer", "Husholdning og tekstil", "Kontor"], "title": "Tusj Sort Penol", "price": 26.0, "product_variant": "1 stk", "quantity_info": [[1.0, "stk"]], "image_url": "/media/uploads/public/144/272/973472-6deff-product_list.jpg", "unit_price_raw": "kr 26,00 per stk", "product_url": "https://kolonial.no/produkter/14857-tusj-sort-penol/", "kolonial_id": "14857"},
  {"category": "Fr\u00f8, n\u00f8tter og t\u00f8rket frukt", "category_list": ["Alle varer", "Frukt og gr\u00f8nt", "Fr\u00f8, n\u00f8tter og t\u00f8rket frukt"], "title": "Mango T\u00f8rket", "price": 50.4, "product_variant": "150 g", "quantity_info": [[150.0, "g"]], "image_url": "/media/uploads/public/198/256/968256-b4c55-product_list.jpg", "unit_price_raw": "kr 336,00 per kg", "product_url": "https://kolonial.no/produkter/12940-den-lille-nottefabrikken-mango-torket/", "kolonial_id": "12940"},
  {"category": "Fr\u00f8, n\u00f8tter og t\u00f8rket frukt", "category_list": ["Alle varer", "Frukt og gr\u00f8nt", "Fr\u00f8, n\u00f8tter og t\u00f8rket frukt"], "title": "Aprikos T\u00f8rket", "price": 72.4, "product_variant": "190 g", "quantity_info": [[190.0, "g"]], "image_url": "/media/uploads/public/349/196/968196-2c630-product_list.jpg", "unit_price_raw": "kr 381,05 per kg", "product_url": "https://kolonial.no/produkter/12937-brynild-aprikos-torket-den-lille-nottefabrikken-19/", "kolonial_id": "12937"},
  {"category": "Kj\u00f8ttboller og karbonader", "category_list": ["Alle varer", "Kj\u00f8tt og kylling", "Kj\u00f8ttboller og karbonader"], "title": "Joika Reinsdyrkaker", "price": 46.8, "product_variant": "800 g", "quantity_info": [[800.0, "g"]], "image_url": "/media/uploads/public/316/319/965119-bab97-product_list.jpg", "unit_price_raw": "kr 58,50 per kg", "product_url": "https://kolonial.no/produkter/6637-joika-joika-reinsdyrkaker/", "kolonial_id": "6637"},
  {"category": "Kj\u00f8ttboller og karbonader", "category_list": ["Alle varer", "Kj\u00f8tt og kylling", "Kj\u00f8ttboller og karbonader"], "title": "Ostesnitzel", "price": 42.0, "product_variant": "4 stk, 500 g", "quantity_info": [[4.0, "stk"], [500.0, "g"]], "image_url": "/media/uploads/public/221/312/969512-3275c-product_list.jpg", "unit_price_raw": "kr 84,00 per kg", "product_url": "https://kolonial.no/produkter/18271-nordfjord-ostesnitzel-4-stk/", "kolonial_id": "18271"},
  {"category": "Kj\u00f8kkenredskap", "category_list": ["Alle varer", "Husholdning og tekstil", "Kj\u00f8kkenredskap"], "title": "Tesil", "price": 35.9, "product_variant": "1 stk", "quantity_info": [[1.0, "stk"]], "image_url": "/media/uploads/public/0/57/46057-e1d9d-product_list.jpg", "unit_price_raw": "kr 35,90 per stk", "product_url": "https://kolonial.no/produkter/15043-tesil/", "kolonial_id": "15043"},
  {"category": "Engangs og Servietter", "category_list": ["Alle varer", "Husholdning og tekstil", "Engangs og Servietter"], "title": "Papptallerken", "price": 28.4, "product_variant": "22 cm, 50 stk", "quantity_info": [[22.0, "cm"], [50.0, "stk"]], "image_url": "/media/uploads/public/0/184/45784-debc9-product_list.jpg", "unit_price_raw": "kr 0,57 per stk", "product_url": "https://kolonial.no/produkter/14590-papptallerken-22-cm/", "kolonial_id": "14590"},
  {"category": "Engangs og Servietter", "category_list": ["Alle varer", "Husholdning og tekstil", "Engangs og Servietter"], "title": "Papptallerken Firkant", "price": 36.5, "product_variant": "23cm, 25 stk", "quantity_info": [[23.0, "cm"], [25.0, "stk"]], "image_url": "/media/uploads/public/0/277/21877-d9e6f-product_list.jpg", "unit_price_raw": "kr 1,46 per stk", "product_url": "https://kolonial.no/produkter/10469-papptallerken-firkant-23cm-25-stk/", "kolonial_id": "10469"},
  {"category": "Salater og k\u00e5l", "category_list": ["Alle varer", "Frukt og gr\u00f8nt", "Salater og k\u00e5l"], "title": "Radicchio Rosso", "price": 31.8, "product_variant": "Spania/ Italia, 1 stk", "quantity_info": [[1.0, "stk"]], "image_url": "/media/uploads/public/315/114/507714-c1a3d-product_list.jpg", "unit_price_raw": "kr 127,20 per kg", "product_url": "https://kolonial.no/produkter/26247-radicchio-rosso-italia/", "kolonial_id": "26247"},
  {"category": "Gr\u00f8nnsaker", "category_list": ["Alle varer", "Frukt og gr\u00f8nt", "Gr\u00f8nnsaker"], "title": "Cherrytomater, R\u00f8de", "price": 14.4, "product_variant": "Norge, 250 g", "quantity_info": [[250.0, "g"]], "image_url": "/media/uploads/public/0/324/11924-f6f89-product_list.jpg", "unit_price_raw": "kr 57,60 per kg", "product_url": "https://kolonial.no/produkter/9404-cherrytomater-rode-norge/", "kolonial_id": "9404"},
  {"category": "Frukt", "category_list": ["Alle varer", "Frukt og gr\u00f8nt", "Frukt"], "title": "Kiwi, \u00f8kologisk 5-6 stk", "price": 47.9, "product_variant": "Italia, ca. 500 g", "quantity_info": [[500.0, "g"]], "image_url": "/media/uploads/public/335/169/661369-c7bf5-product_list.jpg", "unit_price_raw": "kr 95,80 per kg", "product_url": "https://kolonial.no/produkter/27163-kiwi-okologisk-5-6-stk-ca-500-gram-italia/", "kolonial_id": "27163"},
  {"category": "Frossen frukt og gr\u00f8nt", "category_list": ["Alle varer", "Frukt og gr\u00f8nt", "Frossen frukt og gr\u00f8nt"], "title": "Soppblanding", "price": 28.9, "product_variant": "250 g", "quantity_info": [[250.0, "g"]], "image_url": "/media/uploads/public/369/383/970383-a10e7-product_list.jpg", "unit_price_raw": "kr 115,60 per kg", "product_url": "https://kolonial.no/produkter/21433-rema-1000-soppblanding/", "kolonial_id": "21433"},
  {"category": "Frossen frukt og gr\u00f8nt", "category_list": ["Alle varer", "Frukt og gr\u00f8nt", "Frossen frukt og gr\u00f8nt"], "title": "Bringeb\u00e6r, Fryst", "price": 186.4, "product_variant": "Fra Polen, 2,5 kg", "quantity_info": [[2.5, "kg"]], "image_url": "/media/uploads/public/0/208/51808-de165-product_list.jpg", "unit_price_raw": "kr 74,56 per kg", "product_url": "https://kolonial.no/produkter/13591-bringebaer-fryst-fra-polen/", "kolonial_id": "13591"},
  {"category": "Middags-kit og gryteretter", "category_list": ["Alle varer", "Middager og tilbeh\u00f8r", "Middags-kit og gryteretter"], "title": "Stroganoff Gryte", "price": 33.8, "product_variant": "104 g", "quantity_info": [[104.0, "g"]], "image_url": "/media/uploads/public/154/221/967821-6e5d0-product_list.jpg", "unit_price_raw": "kr 325,00 per kg", "product_url": "https://kolonial.no/produkter/6415-toro-stroganoff-gryte/", "kolonial_id": "6415"},
  {"category": "Ris og gryn", "category_list": ["Alle varer", "Middager og tilbeh\u00f8r", "Ris og gryn"], "title": "Risotto", "price": 62.8, "product_variant": "Med Steinsopp, 250 g", "quantity_info": [[250.0, "g"]], "image_url": "/media/uploads/public/0/37/2437-12e63-product_list.jpg", "unit_price_raw": "kr 251,20 per kg", "product_url": "https://kolonial.no/produkter/2167-superbra-risotto-med-steinsopp-250g/", "kolonial_id": "2167"},
  {"category": "Posesauser", "category_list": ["Alle varer", "Middager og tilbeh\u00f8r", "Posesauser"], "title": "Lett Bearnaisesaus", "price": 18.6, "product_variant": "21 g", "quantity_info": [[21.0, "g"]], "image_url": "/media/uploads/public/213/263/967463-addbd-product_list.jpg", "unit_price_raw": "kr 885,71 per kg", "product_url": "https://kolonial.no/produkter/10697-toro-lett-bearnaisesaus-21g/", "kolonial_id": "10697"},
  {"category": "Middagstilbeh\u00f8r", "category_list": ["Alle varer", "Middager og tilbeh\u00f8r", "Middagstilbeh\u00f8r"], "title": "Terteskjell", "price": 36.9, "product_variant": "200 g", "quantity_info": [[200.0, "g"]], "image_url": "/media/uploads/public/180/230/965030-458dd-product_list.jpg", "unit_price_raw": "kr 184,50 per kg", "product_url": "https://kolonial.no/produkter/12862-bjorken-terteskjell-200g/", "kolonial_id": "12862"},
  {"category": "Lys", "category_list": ["Alle varer", "Husholdning og tekstil", "Lys"], "title": "Ecocl 18w 240v E14", "price": 35.9, "product_variant": "1 stk", "quantity_info": [[1.0, "stk"]], "image_url": "/media/uploads/public/0/95/105295-efda9-product_list.jpg", "unit_price_raw": "kr 35,90 per stk", "product_url": "https://kolonial.no/produkter/22633-philips-ecocl-18w-240v-e14/", "kolonial_id": "22633"},
  {"category": "Kylling, kalkun og and", "category_list": ["Alle varer", "Kj\u00f8tt og kylling", "Kylling, kalkun og and"], "title": "Kyllingl\u00e5r", "price": 69.0, "product_variant": "540 g", "quantity_info": [[540.0, "g"]], "image_url": "/media/uploads/public/193/127/723727-ff1cd-product_list.jpg", "unit_price_raw": "kr 127,78 per kg", "product_url": "https://kolonial.no/produkter/8798-stanges-gardsprodukter-stange-kyllinglar/", "kolonial_id": "8798"},
  {"category": "Kylling, kalkun og and", "category_list": ["Alle varer", "Kj\u00f8tt og kylling", "Kylling, kalkun og and"], "title": "Kyllingvinger", "price": 52.4, "product_variant": "400 g", "quantity_info": [[400.0, "g"]], "image_url": "/media/uploads/public/163/323/969523-428c0-product_list.jpg", "unit_price_raw": "kr 131,00 per kg", "product_url": "https://kolonial.no/produkter/24439-stanges-gardsprodukter-kyllingvinger/", "kolonial_id": "24439"},
  {"category": "Bacon og tilbeh\u00f8r", "category_list": ["Alle varer", "Kj\u00f8tt og kylling", "Bacon og tilbeh\u00f8r"], "title": "Bacon Med Svor Oppsk\u00e5ret", "price": 45.6, "product_variant": "400 g", "quantity_info": [[400.0, "g"]], "image_url": "/media/uploads/public/300/178/966578-3ef50-product_list.jpg", "unit_price_raw": "kr 114,00 per kg", "product_url": "https://kolonial.no/produkter/4846-best-pris-bacon-med-svor-oppskaret-400g/", "kolonial_id": "4846"},
  {"category": "Morsmelkerstatning", "category_list": ["Alle varer", "Barneprodukter", "Morsmelkerstatning"], "title": "Nan 2 Sensilac", "price": 84.0, "product_variant": "Fra 6 mnd, 2,9 l", "quantity_info": [[6.0, "mnd"], [2.9, "l"]], "image_url": "/media/uploads/public/165/86/587686-66198-product_list.jpg", "unit_price_raw": "kr 28,97 per l", "product_url": "https://kolonial.no/produkter/26462-nestle-nan-2-sensilac-fra-6-mnd/", "kolonial_id": "26462"},
  {"category": "Smoothie, yoghurt og mellomm\u00e5ltid", "category_list": ["Alle varer", "Barneprodukter", "Smoothie, yoghurt og mellomm\u00e5ltid"], "title": "Jr Fruktstang Havresolb\u00e6rbl\u00e5b\u00e6r", "price": 12.6, "product_variant": "Fra 12 mnd, 25 g", "quantity_info": [[12.0, "mnd"], [25.0, "g"]], "image_url": "/media/uploads/public/194/325/970725-59fe2-product_list.jpg", "unit_price_raw": "kr 504,00 per kg", "product_url": "https://kolonial.no/produkter/22381-nestle-jr-fruktstang-havresolbaerblabaer-fra-12-mn/", "kolonial_id": "22381"},
  {"category": "Middagsglass", "category_list": ["Alle varer", "Barneprodukter", "Middagsglass"], "title": "Kj\u00f8ttboller med Potet & Tytteb\u00e6r", "price": 19.6, "product_variant": "Fra 8 mnd, 195 g", "quantity_info": [[8.0, "mnd"], [195.0, "g"]], "image_url": "/media/uploads/public/308/194/967394-ab509-product_list.jpg", "unit_price_raw": "kr 100,51 per kg", "product_url": "https://kolonial.no/produkter/11236-nestle-kjottboller-med-potet-tyttebaer-fra-8-mnd/", "kolonial_id": "11236"},
  {"category": "Julens middagstilbeh\u00f8r", "category_list": ["Alle varer", "Middager og tilbeh\u00f8r", "Julens middagstilbeh\u00f8r"], "title": "Agurker Hele", "price": 28.4, "product_variant": "580 g", "quantity_info": [[580.0, "g"]], "image_url": "/media/uploads/public/0/21/22021-6014b-product_list.jpg", "unit_price_raw": "kr 48,97 per kg", "product_url": "https://kolonial.no/produkter/13216-nora-agurker-hele/", "kolonial_id": "13216"},
  {"category": "Poser og folie", "category_list": ["Alle varer", "Husholdning og tekstil", "Poser og folie"], "title": "Mellomlegg i Plast", "price": 22.3, "product_variant": "250 stk", "quantity_info": [[250.0, "stk"]], "image_url": "/media/uploads/public/127/86/968486-ff71a-product_list.jpg", "unit_price_raw": "kr 0,09 per stk", "product_url": "https://kolonial.no/produkter/15867-toppits-mellomlegg-i-plast/", "kolonial_id": "15867"},
  {"category": "Poser og folie", "category_list": ["Alle varer", "Husholdning og tekstil", "Poser og folie"], "title": "Stekeposer Normal", "price": 16.8, "product_variant": "5 stk", "quantity_info": [[5.0, "stk"]], "image_url": "/media/uploads/public/294/100/1018500-e380e-product_list.jpg", "unit_price_raw": "kr 3,36 per stk", "product_url": "https://kolonial.no/produkter/5101-soft-style-stekeposer-normal-5pk/", "kolonial_id": "5101"},
  {"category": "Rulletobakk", "category_list": ["Alle varer", "Snus og tobakk", "Rulletobakk"], "title": "Petter\u00f8e's Blanding Hvit 3", "price": 259.9, "product_variant": "50 g", "quantity_info": [[50.0, "g"]], "image_url": "https://kolonial.no/static/products/img/placeholder.bffcea8d3530.png", "unit_price_raw": "kr 5198,00 per kg", "product_url": "https://kolonial.no/produkter/15561-petteroes-petteroes-blanding-hvit-3/", "kolonial_id": "15561"},
  {"category": "Gr\u00f8t", "category_list": ["Alle varer", "Barneprodukter", "Gr\u00f8t"], "title": "Min Gr\u00f8t Havre Banan Mango", "price": 71.0, "product_variant": "Fra 8 mnd, 480 g", "quantity_info": [[8.0, "mnd"], [480.0, "g"]], "image_url": "/media/uploads/public/100/152/971352-92952-product_list.jpg", "unit_price_raw": "kr 147,92 per kg", "product_url": "https://kolonial.no/produkter/23400-nestle-min-grot-havre-banan-mango-fra-8-mnd/", "kolonial_id": "23400"},
  {"category": "Honning og s\u00f8tp\u00e5legg", "category_list": ["Alle varer", "P\u00e5legg", "Honning og s\u00f8tp\u00e5legg"], "title": "Skogshonning Ren", "price": 90.9, "product_variant": "350 g", "quantity_info": [[350.0, "g"]], "image_url": "/media/uploads/public/259/172/970972-eaa6c-product_list.jpg", "unit_price_raw": "kr 259,71 per kg", "product_url": "https://kolonial.no/produkter/21859-kjartans-honning-skogshonning-ren/", "kolonial_id": "21859"},
  {"category": "Snus", "category_list": ["Alle varer", "Snus og tobakk", "Snus"], "title": "The LaB 02", "price": 92.9, "product_variant": "Strong, 21,6 g", "quantity_info": [[21.6, "g"]], "image_url": "https://kolonial.no/static/products/img/placeholder.bffcea8d3530.png", "unit_price_raw": "kr 4300,93 per kg", "product_url": "https://kolonial.no/produkter/3997-lab-02-strong/", "kolonial_id": "3997"},
  {"category": "Snus", "category_list": ["Alle varer", "Snus og tobakk", "Snus"], "title": "Skruf Portion #2", "price": 92.9, "product_variant": "Original Snus, 22 g", "quantity_info": [[22.0, "g"]], "image_url": "https://kolonial.no/static/products/img/placeholder.bffcea8d3530.png", "unit_price_raw": "kr 4222,73 per kg", "product_url": "https://kolonial.no/produkter/4075-skruf-skruf-portion-2-original-snus/", "kolonial_id": "4075"},
  {"category": "Sigaretter", "category_list": ["Alle varer", "Snus og tobakk", "Sigaretter"], "title": "Lucky Strike Red", "price": 118.9, "product_variant": "20 stk", "quantity_info": [[20.0, "stk"]], "image_url": "https://kolonial.no/static/products/img/placeholder.bffcea8d3530.png", "unit_price_raw": "kr 5,95 per stk", "product_url": "https://kolonial.no/produkter/4024-lucky-strike-lucky-strike-red-20-stk/", "kolonial_id": "4024"},
  {"category": "Salatp\u00e5legg", "category_list": ["Alle varer", "P\u00e5legg", "Salatp\u00e5legg"], "title": "Italiensk Salat", "price": 20.6, "product_variant": "200 g", "quantity_info": [[200.0, "g"]], "image_url": "/media/uploads/public/16/28/966428-64e2f-product_list.jpg", "unit_price_raw": "kr 103,00 per kg", "product_url": "https://kolonial.no/produkter/5023-delikat-italiensk-salat-200g/", "kolonial_id": "5023"},
  {"category": "Leverpostei", "category_list": ["Alle varer", "P\u00e5legg", "Leverpostei"], "title": "Pepperbaconpostei", "price": 32.6, "product_variant": "185 g", "quantity_info": [[185.0, "g"]], "image_url": "/media/uploads/public/350/87/1004087-101f3-product_list.jpg", "unit_price_raw": "kr 176,22 per kg", "product_url": "https://kolonial.no/produkter/17863-mills-pepperbaconpostei-185g-0-18-kg/", "kolonial_id": "17863"},
  {"category": "Majones og tubep\u00e5legg", "category_list": ["Alle varer", "P\u00e5legg", "Majones og tubep\u00e5legg"], "title": "Majones", "price": 17.4, "product_variant": "Ekte, 160 g", "quantity_info": [[160.0, "g"]], "image_url": "/media/uploads/public/148/80/1010880-53cb9-product_list.jpg", "unit_price_raw": "kr 108,75 per kg", "product_url": "https://kolonial.no/produkter/585-mills-majones-ekte-165g/", "kolonial_id": "585"},
  {"category": "Majones og tubep\u00e5legg", "category_list": ["Alle varer", "P\u00e5legg", "Majones og tubep\u00e5legg"], "title": "Lettmajones", "price": 30.6, "product_variant": "175 g", "quantity_info": [[175.0, "g"]], "image_url": "/media/uploads/public/288/312/1007912-d9f90-product_list.jpg", "unit_price_raw": "kr 174,86 per kg", "product_url": "https://kolonial.no/produkter/4531-vita-hjertego-lettmajones-175g/", "kolonial_id": "4531"},
  {"category": "Syltet\u00f8y", "category_list": ["Alle varer", "P\u00e5legg", "Syltet\u00f8y"], "title": "Bl\u00e5b\u00e6rsyltet\u00f8y", "price": 42.0, "product_variant": "Uten Tilsatt Sukker, 330 g", "quantity_info": [[330.0, "g"]], "image_url": "/media/uploads/public/366/29/974029-8490c-product_list.jpg", "unit_price_raw": "kr 127,27 per kg", "product_url": "https://kolonial.no/produkter/3601-lerum-blabaersyltetoy-uten-tilsatt-sukker-330g/", "kolonial_id": "3601"},
  {"category": "Fiskep\u00e5legg", "category_list": ["Alle varer", "P\u00e5legg", "Fiskep\u00e5legg"], "title": "Stabbur-Makrell I Tomat", "price": 16.4, "product_variant": "110 g", "quantity_info": [[110.0, "g"]], "image_url": "/media/uploads/public/102/64/973264-1012a-product_list.jpg", "unit_price_raw": "kr 149,09 per kg", "product_url": "https://kolonial.no/produkter/2539-stabburet-stabbur-makrell-i-tomat-110g/", "kolonial_id": "2539"},
  {"category": "Kj\u00f8tt- og kyllingp\u00e5legg", "category_list": ["Alle varer", "P\u00e5legg", "Kj\u00f8tt- og kyllingp\u00e5legg"], "title": "Roastbeef", "price": 29.9, "product_variant": "100 g", "quantity_info": [[100.0, "g"]], "image_url": "/media/uploads/public/294/169/972569-70b52-product_list.jpg", "unit_price_raw": "kr 299,00 per kg", "product_url": "https://kolonial.no/produkter/17086-rema-1000-roastbeef/", "kolonial_id": "17086"},
  {"category": "Spekemat og salami", "category_list": ["Alle varer", "P\u00e5legg", "Spekemat og salami"], "title": "Heia Salami", "price": 32.3, "product_variant": "80 g", "quantity_info": [[80.0, "g"]], "image_url": "/media/uploads/public/78/372/636772-6f42f-product_list.jpg", "unit_price_raw": "kr 403,75 per kg", "product_url": "https://kolonial.no/produkter/26912-grilstad-heia-salami/", "kolonial_id": "26912"},
  {"category": "Kattemat", "category_list": ["Alle varer", "Dyremat", "Kattemat"], "title": "Mon Petit Kj\u00f8tt", "price": 34.6, "product_variant": "300 g", "quantity_info": [[300.0, "g"]], "image_url": "/media/uploads/public/183/61/968461-28e2f-product_list.jpg", "unit_price_raw": "kr 115,33 per kg", "product_url": "https://kolonial.no/produkter/15834-gourmet-gold-mon-petit-kjott/", "kolonial_id": "15834"},
  {"category": "Kattemat", "category_list": ["Alle varer", "Dyremat", "Kattemat"], "title": "Kj\u00f8ttmeny i Saus", "price": 64.4, "product_variant": "12x100g, 1,2 kg", "quantity_info": [[12.0, "x"], [100.0, "g"], [1.2, "kg"]], "image_url": "/media/uploads/public/350/222/968222-41780-product_list.jpg", "unit_price_raw": "kr 53,67 per kg", "product_url": "https://kolonial.no/produkter/15354-whiskas-kjottmeny-i-saus-12x100g/", "kolonial_id": "15354"},
  {"category": "Fl\u00f8te og r\u00f8mmeprodukter", "category_list": ["Alle varer", "Melk, meieriprodukter og egg", "Fl\u00f8te og r\u00f8mmeprodukter"], "title": "Lettr\u00f8mme 10%", "price": 20.6, "product_variant": "300 g", "quantity_info": [[300.0, "g"]], "image_url": "/media/uploads/public/0/130/31330-7da43-product_list.jpg", "unit_price_raw": "kr 68,67 per kg", "product_url": "https://kolonial.no/produkter/8059-tine-lett-romme-10-300g/", "kolonial_id": "8059"},
  {"category": "Yoghurt", "category_list": ["Alle varer", "Melk, meieriprodukter og egg", "Yoghurt"], "title": "Q Barneyoghurt Banan", "price": 17.8, "product_variant": "135 g", "quantity_info": [[135.0, "g"]], "image_url": "/media/uploads/public/31/26/969226-97602-product_list.jpg", "unit_price_raw": "kr 131,85 per kg", "product_url": "https://kolonial.no/produkter/17740-q-meieriene-q-barneyoghurt-banan/", "kolonial_id": "17740"},
  {"category": "Sm\u00f8r og margarin", "category_list": ["Alle varer", "Melk, meieriprodukter og egg", "Sm\u00f8r og margarin"], "title": "Vita Flytende Hjertego'", "price": 30.1, "product_variant": "520 ml", "quantity_info": [[520.0, "ml"]], "image_url": "/media/uploads/public/261/266/1007866-5792c-product_list.jpg", "unit_price_raw": "kr 57,88 per l", "product_url": "https://kolonial.no/produkter/5143-vita-hjertego-vita-flytende-hjertego-520ml/", "kolonial_id": "5143"},
  {"category": "Egg", "category_list": ["Alle varer", "Melk, meieriprodukter og egg", "Egg"], "title": "Egg", "price": 27.9, "product_variant": "Str S/M, 12 stk", "quantity_info": [[12.0, "stk"]], "image_url": "/media/uploads/public/155/65/970865-43e25-product_list.jpg", "unit_price_raw": "kr 46,50 per kg", "product_url": "https://kolonial.no/produkter/4930-best-pris-best-pris-egg-str-sm/", "kolonial_id": "4930"},
  {"category": "Energidrikk", "category_list": ["Alle varer", "Drikkevarer", "Energidrikk"], "title": "Day & Nite", "price": 14.3, "product_variant": "250 ml", "quantity_info": [[250.0, "ml"]], "image_url": "/media/uploads/public/279/182/140982-52371-product_list.jpg", "unit_price_raw": "kr 57,20 per l", "product_url": "https://kolonial.no/produkter/24080-grans-bryggeri-day-nite/", "kolonial_id": "24080"},
  {"category": "Energidrikk", "category_list": ["Alle varer", "Drikkevarer", "Energidrikk"], "title": "Powerade Mountain Blast", "price": 26.9, "product_variant": "0,5 l", "quantity_info": [[0.5, "l"]], "image_url": "/media/uploads/public/258/358/968358-5e4cc-product_list.jpg", "unit_price_raw": "kr 53,80 per l", "product_url": "https://kolonial.no/produkter/7957-coca-cola-powerade-mountain-blast-05l/", "kolonial_id": "7957"},
  {"category": "Kakao og sjokoladepulver", "category_list": ["Alle varer", "Drikkevarer", "Kakao og sjokoladepulver"], "title": "Kakao", "price": 29.9, "product_variant": "250 g", "quantity_info": [[250.0, "g"]], "image_url": "/media/uploads/public/276/135/968135-85209-product_list.jpg", "unit_price_raw": "kr 119,60 per kg", "product_url": "https://kolonial.no/produkter/8744-rema-1000-kakao-250g/", "kolonial_id": "8744"},
  {"category": "Te", "category_list": ["Alle varer", "Drikkevarer", "Te"], "title": "English Breakfast Te", "price": 50.5, "product_variant": "25 poser, 25 stk", "quantity_info": [[25.0, "poser"], [25.0, "stk"]], "image_url": "/media/uploads/public/30/255/967855-204af-product_list.jpg", "unit_price_raw": "kr 2,02 per stk", "product_url": "https://kolonial.no/produkter/10933-twinings-english-breakfast-te-25-poser/", "kolonial_id": "10933"},
  {"category": "Kaffe", "category_list": ["Alle varer", "Drikkevarer", "Kaffe"], "title": "Frokostkaffe", "price": 73.0, "product_variant": "Kokemalt, 500 g", "quantity_info": [[500.0, "g"]], "image_url": "/media/uploads/public/201/231/971831-766d7-product_list.jpg", "unit_price_raw": "kr 146,00 per kg", "product_url": "https://kolonial.no/produkter/24068-friele-frokostkaffe-kokemalt/", "kolonial_id": "24068"},
  {"category": "Iste", "category_list": ["Alle varer", "Drikkevarer", "Iste"], "title": "Iste Fersken", "price": 32.8, "product_variant": "1,5 l", "quantity_info": [[1.5, "l"]], "image_url": "/media/uploads/public/157/246/973846-d8ed9-product_list.jpg", "unit_price_raw": "kr 21,87 per l", "product_url": "https://kolonial.no/produkter/21322-grans-bryggeri-iste-fersken/", "kolonial_id": "21322"},
  {"category": "Iste", "category_list": ["Alle varer", "Drikkevarer", "Iste"], "title": "Iste Fersken X", "price": 32.8, "product_variant": "1,5 l", "quantity_info": [[1.5, "l"]], "image_url": "/media/uploads/public/237/268/374668-a4d90-product_list.jpg", "unit_price_raw": "kr 21,87 per l", "product_url": "https://kolonial.no/produkter/26111-grans-bryggeri-iste-fersken-x/", "kolonial_id": "26111"},
  {"category": "Saft", "category_list": ["Alle varer", "Drikkevarer", "Saft"], "title": "Red Berry Crush", "price": 36.9, "product_variant": "0,8 l", "quantity_info": [[0.8, "l"]], "image_url": "/media/uploads/public/193/62/188062-cf4d9-product_list.jpg", "unit_price_raw": "kr 46,13 per l", "product_url": "https://kolonial.no/produkter/25347-fun-light-red-berry-crush/", "kolonial_id": "25347"},
  {"category": "Smoothie", "category_list": ["Alle varer", "Drikkevarer", "Smoothie"], "title": "Smoothie Mango & Appelsin", "price": 40.9, "product_variant": "750 ml", "quantity_info": [[750.0, "ml"]], "image_url": "/media/uploads/public/346/90/158090-67a51-product_list.jpg", "unit_price_raw": "kr 54,53 per l", "product_url": "https://kolonial.no/produkter/24275-froosh-smoothie-mango-appelsin/", "kolonial_id": "24275"},
  {"category": "Juice", "category_list": ["Alle varer", "Drikkevarer", "Juice"], "title": "Appelsinjuice Med Fruktkj\u00f8tt Premium", "price": 32.9, "product_variant": "1,5 l", "quantity_info": [[1.5, "l"]], "image_url": "/media/uploads/public/306/236/965036-f01dd-product_list.jpg", "unit_price_raw": "kr 21,93 per l", "product_url": "https://kolonial.no/produkter/8376-rema-1000-appelsinjuice-med-fruktkjott-premium-15l/", "kolonial_id": "8376"},
  {"category": "Vann og mineralvann", "category_list": ["Alle varer", "Drikkevarer", "Vann og mineralvann"], "title": "Imsdal Vann", "price": 26.1, "product_variant": "0,65 l", "quantity_info": [[0.65, "l"]], "image_url": "/media/uploads/public/0/107/6907-7f071-product_list.jpg", "unit_price_raw": "kr 40,15 per l", "product_url": "https://kolonial.no/produkter/8011-imsdal-imsdal-vann/", "kolonial_id": "8011"},
  {"category": "Vann og mineralvann", "category_list": ["Alle varer", "Drikkevarer", "Vann og mineralvann"], "title": "Imsdal Sitron", "price": 26.4, "product_variant": "0 kalorier, 0,65 l", "quantity_info": [[0.0, "kalorier"], [0.65, "l"]], "image_url": "/media/uploads/public/259/109/723709-91b67-product_list.jpg", "unit_price_raw": "kr 40,62 per l", "product_url": "https://kolonial.no/produkter/27744-imsdal-imsdal-sitron-0-kalorier/", "kolonial_id": "27744"},
  {"category": "Sm\u00f8reost og prim", "category_list": ["Alle varer", "Oster", "Sm\u00f8reost og prim"], "title": "Sn\u00f8frisk Dill", "price": 29.5, "product_variant": "125 g", "quantity_info": [[125.0, "g"]], "image_url": "/media/uploads/public/393/75/152075-d916d-product_list.jpg", "unit_price_raw": "kr 236,00 per kg", "product_url": "https://kolonial.no/produkter/2290-tine-snofrisk-dill-125g/", "kolonial_id": "2290"},
  {"category": "Brunost", "category_list": ["Alle varer", "Oster", "Brunost"], "title": "Gudbrandsdalsost Misv\u00e6r", "price": 69.1, "product_variant": "500 g", "quantity_info": [[500.0, "g"]], "image_url": "/media/uploads/public/320/301/966701-c8e5f-product_list.jpg", "unit_price_raw": "kr 138,20 per kg", "product_url": "https://kolonial.no/produkter/12334-tine-gudbrandsdalsost-misvaer-500g/", "kolonial_id": "12334"},
  {"category": "Brunost", "category_list": ["Alle varer", "Oster", "Brunost"], "title": "Fl\u00f8temysost Lettere", "price": 29.7, "product_variant": "Skivet, 130 g", "quantity_info": [[130.0, "g"]], "image_url": "/media/uploads/public/0/304/2704-a2f42-product_list.jpg", "unit_price_raw": "kr 228,46 per kg", "product_url": "https://kolonial.no/produkter/2269-tine-flotemysost-lettere-skivet-130g/", "kolonial_id": "2269"},
  {"category": "Bleier", "category_list": ["Alle varer", "Barneprodukter", "Bleier"], "title": "Libero Up&Go", "price": 56.8, "product_variant": "Str.5 10-14kg, 22 stk", "quantity_info": [[510.0, ""], [14.0, "kg"], [22.0, "stk"]], "image_url": "/media/uploads/public/203/38/1000838-628fe-product_list.jpg", "unit_price_raw": "kr 2,58 per stk", "product_url": "https://kolonial.no/produkter/1221-libero-libero-go-str5-10-14kg/", "kolonial_id": "1221"},
  {"category": "Spesialoster", "category_list": ["Alle varer", "Oster", "Spesialoster"], "title": "Chevre Haukeli Naturell", "price": 58.0, "product_variant": "190 g", "quantity_info": [[190.0, "g"]], "image_url": "/media/uploads/public/128/253/966653-b2129-product_list.jpg", "unit_price_raw": "kr 305,26 per kg", "product_url": "https://kolonial.no/produkter/1804-tine-chevre-haukeli-naturell-190g/", "kolonial_id": "1804"},
  {"category": "Julens p\u00e5legg", "category_list": ["Alle varer", "P\u00e5legg", "Julens p\u00e5legg"], "title": "Kalkunskinke Skivet", "price": 86.5, "product_variant": "Str\u00f8m-Larsen, 200 g", "quantity_info": [[200.0, "g"]], "image_url": "/media/uploads/public/346/121/137321-419a2-product_list.jpg", "unit_price_raw": "kr 432,50 per kg", "product_url": "https://kolonial.no/produkter/23698-strom-larsen-kalkunskinke-skivet-strom-larsen/", "kolonial_id": "23698"},
  {"category": "Julens p\u00e5legg", "category_list": ["Alle varer", "P\u00e5legg", "Julens p\u00e5legg"], "title": "\u00d8kologisk Provenceskinke Skivet", "price": 98.9, "product_variant": "Str\u00f8m-Larsen, 200 g", "quantity_info": [[200.0, "g"]], "image_url": "/media/uploads/public/41/117/137317-d7eb0-product_list.jpg", "unit_price_raw": "kr 494,50 per kg", "product_url": "https://kolonial.no/produkter/23697-strom-larsen-okologisk-provenceskinke-skivet-strom/", "kolonial_id": "23697"},
  {"category": "Brus", "category_list": ["Alle varer", "Drikkevarer", "Brus"], "title": "Pepsi", "price": 35.8, "product_variant": "1,5 l", "quantity_info": [[1.5, "l"]], "image_url": "/media/uploads/public/0/394/20794-f345b-product_list.jpg", "unit_price_raw": "kr 23,87 per l", "product_url": "https://kolonial.no/produkter/480-pepsico-pepsi-1-5l/", "kolonial_id": "480"},
  {"category": "Snacking", "category_list": ["Alle varer", "Pizza og taco", "Snacking"], "title": "Hold-it", "price": 64.5, "product_variant": "Ost & Skinke Flerpakk, 440 g", "quantity_info": [[440.0, "g"]], "image_url": "/media/uploads/public/207/114/966914-10725-product_list.jpg", "unit_price_raw": "kr 146,59 per kg", "product_url": "https://kolonial.no/produkter/10616-stabburet-hold-it-ost-skinke-flerpakk-440g/", "kolonial_id": "10616"},
  {"category": "Hundemat", "category_list": ["Alle varer", "Dyremat", "Hundemat"], "title": "Tyggeben Bigbite Hvit Rull", "price": 28.8, "product_variant": "Medium, 2 stk, 130 g", "quantity_info": [[2.0, "stk"], [130.0, "g"]], "image_url": "/media/uploads/public/104/66/296066-d97b3-product_list.jpg", "unit_price_raw": "kr 221,54 per kg", "product_url": "https://kolonial.no/produkter/25453-best-friend-tyggeben-bigbite-hvit-rull-medium-2-st/", "kolonial_id": "25453"},
  {"category": "Snittblomster", "category_list": ["Alle varer", "Blomster og planter", "Snittblomster"], "title": "Tulipaner R\u00f8d", "price": 75.0, "product_variant": "10 stk", "quantity_info": [[10.0, "stk"]], "image_url": "/media/uploads/public/155/321/659921-86996-product_list.jpg", "unit_price_raw": "kr 7,50 per stk", "product_url": "https://kolonial.no/produkter/27133-fresh-flowers-tulipaner-rod/", "kolonial_id": "27133"},
  {"category": "Snittblomster", "category_list": ["Alle varer", "Blomster og planter", "Snittblomster"], "title": "Gr\u00f8ntmix Bukett", "price": 50.0, "product_variant": "Lederl\u00f8v, Eucalyptus og Brudesl\u00f8r (45 cm), 1 stk", "quantity_info": [[45.0, "cm"], [1.0, "stk"]], "image_url": "/media/uploads/public/87/196/706996-2f7e4-product_list.jpg", "unit_price_raw": "kr 50,00 per stk", "product_url": "https://kolonial.no/produkter/27474-freshflowers-grontmix-bukett-lederlov-eucalyptus-o/", "kolonial_id": "27474"},
  {"category": "Taco", "category_list": ["Alle varer", "Pizza og taco", "Taco"], "title": "Soft Tortilla Stand'n Stuff Mini", "price": 13.1, "product_variant": "145 g", "quantity_info": [[145.0, "g"]], "image_url": "/media/uploads/public/209/191/971391-6cdc7-product_list.jpg", "unit_price_raw": "kr 90,34 per kg", "product_url": "https://kolonial.no/produkter/23413-old-el-paso-soft-tortilla-standn-stuff-mini/", "kolonial_id": "23413"},
  {"category": "Buljong og fond", "category_list": ["Alle varer", "Olje og krydder", "Buljong og fond"], "title": "Klar Gr\u00f8nnsakbuljong", "price": 20.8, "product_variant": "5 l", "quantity_info": [[5.0, "l"]], "image_url": "/media/uploads/public/301/49/966049-21bf2-product_list.jpg", "unit_price_raw": "kr 4,16 per l", "product_url": "https://kolonial.no/produkter/5533-maggi-klar-gronnsakbuljong/", "kolonial_id": "5533"},
  {"category": "Kryddermiks", "category_list": ["Alle varer", "Olje og krydder", "Kryddermiks"], "title": "Raita Miks", "price": 21.1, "product_variant": "50 g", "quantity_info": [[50.0, "g"]], "image_url": "/media/uploads/public/261/130/971730-4d473-product_list.jpg", "unit_price_raw": "kr 422,00 per kg", "product_url": "https://kolonial.no/produkter/24010-masalamagic-raita-miks/", "kolonial_id": "24010"},
  {"category": "Ketchup og sennep", "category_list": ["Alle varer", "Olje og krydder", "Ketchup og sennep"], "title": "P\u00f8lsesennep", "price": 13.9, "product_variant": "490 g", "quantity_info": [[490.0, "g"]], "image_url": "/media/uploads/public/127/69/965269-8b6c2-product_list.jpg", "unit_price_raw": "kr 28,37 per kg", "product_url": "https://kolonial.no/produkter/570-idun-polsesennep-490g/", "kolonial_id": "570"},
  {"category": "Ketchup og sennep", "category_list": ["Alle varer", "Olje og krydder", "Ketchup og sennep"], "title": "Bodsennep", "price": 17.2, "product_variant": "490 g", "quantity_info": [[490.0, "g"]], "image_url": "/media/uploads/public/190/399/965199-c707e-product_list.jpg", "unit_price_raw": "kr 35,10 per kg", "product_url": "https://kolonial.no/produkter/10637-idun-bodsennep-490g/", "kolonial_id": "10637"},
  {"category": "Deodorant", "category_list": ["Alle varer", "Hygieneartikler", "Deodorant"], "title": "Roll-on Sport Fresh", "price": 42.3, "product_variant": "50 ml", "quantity_info": [[50.0, "ml"]], "image_url": "/media/uploads/public/397/138/967738-eb1da-product_list.jpg", "unit_price_raw": "kr 846,00 per l", "product_url": "https://kolonial.no/produkter/11368-sterilan-roll-sport-fresh-50ml/", "kolonial_id": "11368"},
  {"category": "Melk", "category_list": ["Alle varer", "Melk, meieriprodukter og egg", "Melk"], "title": "Q Melk Ekstra Lett", "price": 27.0, "product_variant": "1,75 l", "quantity_info": [[1.75, "l"]], "image_url": "/media/uploads/public/269/99/969299-26cf1-product_list.jpg", "unit_price_raw": "kr 15,43 per l", "product_url": "https://kolonial.no/produkter/17725-q-meieriene-q-melk-ekstra-lett/", "kolonial_id": "17725"},
  {"category": "Melk", "category_list": ["Alle varer", "Melk, meieriprodukter og egg", "Melk"], "title": "Q Melk Ekstra lett", "price": 17.3, "product_variant": "0,5%, 1 l", "quantity_info": [[0.5, ""], [1.0, "l"]], "image_url": "/media/uploads/public/20/191/966991-cbbd4-product_list.jpg", "unit_price_raw": "kr 17,30 per l", "product_url": "https://kolonial.no/produkter/1132-q-meieriene-lettmelk-ekstra-lett-1-liter/", "kolonial_id": "1132"},
  {"category": "Barbering", "category_list": ["Alle varer", "Hygieneartikler", "Barbering"], "title": "Barberh\u00f8vel Venus Divine", "price": 103.5, "product_variant": "1 stk", "quantity_info": [[1.0, "stk"]], "image_url": "/media/uploads/public/85/124/967724-f02ff-product_list.jpg", "unit_price_raw": "kr 103,50 per stk", "product_url": "https://kolonial.no/produkter/6508-barberhovel-venus-divine/", "kolonial_id": "6508"},
  {"category": "Barnes\u00e5pe og babyolje", "category_list": ["Alle varer", "Shampo, s\u00e5pe og krem", "Barnes\u00e5pe og babyolje"], "title": "Baby Bedtime Bath", "price": 30.1, "product_variant": "250 ml", "quantity_info": [[250.0, "ml"]], "image_url": "/media/uploads/public/223/254/965054-d94da-product_list.jpg", "unit_price_raw": "kr 120,40 per l", "product_url": "https://kolonial.no/produkter/15408-natusan-baby-bedtime-bath/", "kolonial_id": "15408"},
  {"category": "Barnes\u00e5pe og babyolje", "category_list": ["Alle varer", "Shampo, s\u00e5pe og krem", "Barnes\u00e5pe og babyolje"], "title": "Baby Bedtime Shampoo", "price": 32.1, "product_variant": "200 ml", "quantity_info": [[200.0, "ml"]], "image_url": "/media/uploads/public/102/193/609393-1c35f-product_list.jpg", "unit_price_raw": "kr 160,50 per l", "product_url": "https://kolonial.no/produkter/15909-natusan-baby-bedtime-shampoo/", "kolonial_id": "15909"},
  {"category": "Bomull og ansiktsrens", "category_list": ["Alle varer", "Hygieneartikler", "Bomull og ansiktsrens"], "title": "Pure Active Ansiktsrens 3in1", "price": 52.6, "product_variant": "Skin Naturals, 150 ml", "quantity_info": [[150.0, "ml"]], "image_url": "/media/uploads/public/0/351/19951-e05fe-product_list.jpg", "unit_price_raw": "kr 350,67 per l", "product_url": "https://kolonial.no/produkter/12718-garnier-pure-active-ansiktsrens-3in1-skin-naturals/", "kolonial_id": "12718"},
  {"category": "Krydder", "category_list": ["Alle varer", "Olje og krydder", "Krydder"], "title": "Seltin", "price": 29.4, "product_variant": "Original, 550 g", "quantity_info": [[550.0, "g"]], "image_url": "/media/uploads/public/135/76/974076-f5c06-product_list.jpg", "unit_price_raw": "kr 53,45 per kg", "product_url": "https://kolonial.no/produkter/561-seltin-seltin-original-550g/", "kolonial_id": "561"},
  {"category": "Krydder", "category_list": ["Alle varer", "Olje og krydder", "Krydder"], "title": "Rock salt", "price": 55.8, "product_variant": "Med kvern, 140 g", "quantity_info": [[140.0, "g"]], "image_url": "/media/uploads/public/238/376/964376-74e1e-product_list.jpg", "unit_price_raw": "kr 398,57 per kg", "product_url": "https://kolonial.no/produkter/563-santa-maria-rock-salt-med-kvern/", "kolonial_id": "563"},
  {"category": "Helsekost", "category_list": ["Alle varer", "Legemidler og helsekost", "Helsekost"], "title": "Sana-sol", "price": 75.9, "product_variant": "Uten sukker, 500ml, 500 mm", "quantity_info": [[500.0, "ml"], [500.0, "mm"]], "image_url": "/media/uploads/public/17/322/972322-71b10-product_list.jpg", "unit_price_raw": "kr 151,80 per m", "product_url": "https://kolonial.no/produkter/320-sana-sol-sana-sol-uten-sukker-500ml/", "kolonial_id": "320"},
  {"category": "Proteinbar og m\u00fcslibar", "category_list": ["Alle varer", "Legemidler og helsekost", "Proteinbar og m\u00fcslibar"], "title": "Quinoa Nut Crunch", "price": 34.4, "product_variant": "56 g", "quantity_info": [[56.0, "g"]], "image_url": "/media/uploads/public/253/237/534637-72678-product_list.jpg", "unit_price_raw": "kr 614,29 per kg", "product_url": "https://kolonial.no/produkter/26387-nutrilett-quinoa-nut-crunch/", "kolonial_id": "26387"},
  {"category": "Bind og tamponger", "category_list": ["Alle varer", "Hygieneartikler", "Bind og tamponger"], "title": "Bind Ultra Night", "price": 38.4, "product_variant": "20 stk", "quantity_info": [[20.0, "stk"]], "image_url": "/media/uploads/public/0/64/38064-9a52e-product_list.jpg", "unit_price_raw": "kr 1,92 per stk", "product_url": "https://kolonial.no/produkter/15429-always-bind-ultra-night/", "kolonial_id": "15429"},
  {"category": "Nikotinprodukter", "category_list": ["Alle varer", "Legemidler og helsekost", "Nikotinprodukter"], "title": "Nicotinell Spearmint", "price": 258.1, "product_variant": "2 mg, 96 stk", "quantity_info": [[2.0, "mg"], [96.0, "stk"]], "image_url": "/media/uploads/public/0/2/95602-3e863-product_list.jpg", "unit_price_raw": "kr 2,69 per stk", "product_url": "https://kolonial.no/produkter/21964-nicotinell-nicotinell-spearmint-2-mg/", "kolonial_id": "21964"},
  {"category": "Nikotinprodukter", "category_list": ["Alle varer", "Legemidler og helsekost", "Nikotinprodukter"], "title": "Nicotinell Tropisk", "price": 247.4, "product_variant": "2 mg, 96 stk", "quantity_info": [[2.0, "mg"], [96.0, "stk"]], "image_url": "/media/uploads/public/0/8/95608-759d9-product_list.jpg", "unit_price_raw": "kr 2,58 per stk", "product_url": "https://kolonial.no/produkter/21967-nicotinell-nicotinell-tropisk-2-mg/", "kolonial_id": "21967"},
  {"category": "Kluter, svamper og hansker", "category_list": ["Alle varer", "T\u00f8rkepapir og vaskemidler", "Kluter, svamper og hansker"], "title": "Kj\u00f8kkenklut Microfiber", "price": 14.4, "product_variant": "Assortert variant, 1 stk", "quantity_info": [[1.0, "stk"]], "image_url": "/media/uploads/public/356/388/966388-f277f-product_list.jpg", "unit_price_raw": "kr 14,40 per stk", "product_url": "https://kolonial.no/produkter/5056-soft-style-kjokkenklut-microfiber-assortert-varian/", "kolonial_id": "5056"},
  {"category": "Shampo og h\u00e5rprodukter", "category_list": ["Alle varer", "Shampo, s\u00e5pe og krem", "Shampo og h\u00e5rprodukter"], "title": "Anti-Breakage Balsam", "price": 39.4, "product_variant": "ElVital, 200 ml", "quantity_info": [[200.0, "ml"]], "image_url": "/media/uploads/public/74/169/967769-2e6eb-product_list.jpg", "unit_price_raw": "kr 197,00 per l", "product_url": "https://kolonial.no/produkter/7546-elvital-anti-breakage-balsam-elvital/", "kolonial_id": "7546"},
  {"category": "Krem", "category_list": ["Alle varer", "Shampo, s\u00e5pe og krem", "Krem"], "title": "Moisture & Rose Floral Water", "price": 73.5, "product_variant": "50 ml", "quantity_info": [[50.0, "ml"]], "image_url": "/media/uploads/public/74/321/972721-1f696-product_list.jpg", "unit_price_raw": "kr 73,50 per stk", "product_url": "https://kolonial.no/produkter/26583-garnier-moisture-rose-floral-water/", "kolonial_id": "26583"},
  {"category": "Gulost", "category_list": ["Alle varer", "Oster", "Gulost"], "title": "Norvegia 27%", "price": 59.5, "product_variant": "ca. 500 g", "quantity_info": [[500.0, "g"]], "image_url": "/media/uploads/public/162/350/971950-be9f1-product_list.jpg", "unit_price_raw": "kr 119,00 per kg", "product_url": "https://kolonial.no/produkter/989-tine-norvegia-27/", "kolonial_id": "989"},
  {"category": "Gulost", "category_list": ["Alle varer", "Oster", "Gulost"], "title": "Norvegia Skorpefri", "price": 102.8, "product_variant": "ca. 1 kg", "quantity_info": [[1.0, "kg"]], "image_url": "/media/uploads/public/72/0/974000-8f766-product_list.jpg", "unit_price_raw": "kr 102,80 per kg", "product_url": "https://kolonial.no/produkter/1339-tine-norvegia-skorpefri/", "kolonial_id": "1339"},
  {"category": "Oppvask", "category_list": ["Alle varer", "T\u00f8rkepapir og vaskemidler", "Oppvask"], "title": "Maskinoppvasktabletter", "price": 39.1, "product_variant": "40 stk", "quantity_info": [[40.0, "stk"]], "image_url": "/media/uploads/public/159/12/154812-3d984-product_list.jpg", "unit_price_raw": "kr 0,98 per stk", "product_url": "https://kolonial.no/produkter/19804-rema-1000-maskinoppvasktabletter/", "kolonial_id": "19804"},
  {"category": "Fiskekaker", "category_list": ["Alle varer", "Fisk og sj\u00f8mat", "Fiskekaker"], "title": "Rekekabaret", "price": 31.8, "product_variant": "300 g", "quantity_info": [[300.0, "g"]], "image_url": "/media/uploads/public/323/362/1013562-a1167-product_list.jpg", "unit_price_raw": "kr 106,00 per kg", "product_url": "https://kolonial.no/produkter/24100-salatmestern-rekekabaret/", "kolonial_id": "24100"},
  {"category": "Fryst pizza", "category_list": ["Alle varer", "Pizza og taco", "Fryst pizza"], "title": "Grandiosa Nybakt Kj\u00f8ttdeig", "price": 55.8, "product_variant": "355 g", "quantity_info": [[355.0, "g"]], "image_url": "/media/uploads/public/235/148/973348-5540a-product_list.jpg", "unit_price_raw": "kr 157,18 per kg", "product_url": "https://kolonial.no/produkter/27301-grandiosa-grandiosa-nybakt-kjottdeig/", "kolonial_id": "27301"},
  {"category": "Tannpleie", "category_list": ["Alle varer", "Hygieneartikler", "Tannpleie"], "title": "Listerine Total Care", "price": 64.4, "product_variant": "500 ml", "quantity_info": [[500.0, "ml"]], "image_url": "/media/uploads/public/118/295/1007895-d5637-product_list.jpg", "unit_price_raw": "kr 128,80 per l", "product_url": "https://kolonial.no/produkter/7042-listerine-listerine-total-care-500ml/", "kolonial_id": "7042"},
  {"category": "Vaskemidler", "category_list": ["Alle varer", "T\u00f8rkepapir og vaskemidler", "Vaskemidler"], "title": "Kj\u00f8kkenspray", "price": 23.2, "product_variant": "500 ml", "quantity_info": [[500.0, "ml"]], "image_url": "/media/uploads/public/398/374/996374-4d2dc-product_list.jpg", "unit_price_raw": "kr 46,40 per l", "product_url": "https://kolonial.no/produkter/8560-rema-1000-kjokkenspray-500ml/", "kolonial_id": "8560"},
  {"category": "Vaskemidler", "category_list": ["Alle varer", "T\u00f8rkepapir og vaskemidler", "Vaskemidler"], "title": "Universalspray", "price": 15.1, "product_variant": "500 ml", "quantity_info": [[500.0, "ml"]], "image_url": "/media/uploads/public/161/68/992468-e213d-product_list.jpg", "unit_price_raw": "kr 30,20 per l", "product_url": "https://kolonial.no/produkter/8556-rema-1000-universalspray-500ml/", "kolonial_id": "8556"},
  {"category": "Frossen fisk og sj\u00f8mat", "category_list": ["Alle varer", "Fisk og sj\u00f8mat", "Frossen fisk og sj\u00f8mat"], "title": "Fiskegrateng 50% Torsk", "price": 49.4, "product_variant": "0,5 kg", "quantity_info": [[0.5, "kg"]], "image_url": "/media/uploads/public/383/90/188090-6a7bd-product_list.jpg", "unit_price_raw": "kr 98,80 per kg", "product_url": "https://kolonial.no/produkter/25150-norway-seafoods-fiskegrateng-50-torsk/", "kolonial_id": "25150"},
  {"category": "Revet ost", "category_list": ["Alle varer", "Oster", "Revet ost"], "title": "Revet Ost", "price": 44.5, "product_variant": "Lettere, 250 g", "quantity_info": [[250.0, "g"]], "image_url": "/media/uploads/public/250/166/972566-a3f53-product_list.jpg", "unit_price_raw": "kr 178,00 per kg", "product_url": "https://kolonial.no/produkter/12328-tine-revet-ost-lettere-250g/", "kolonial_id": "12328"},
  {"category": "Revet ost", "category_list": ["Alle varer", "Oster", "Revet ost"], "title": "Revet Ost Pizza", "price": 38.1, "product_variant": "300 g", "quantity_info": [[300.0, "g"]], "image_url": "/media/uploads/public/45/303/188303-a3790-product_list.jpg", "unit_price_raw": "kr 127,00 per kg", "product_url": "https://kolonial.no/produkter/25372-synnove-revet-ost-pizza/", "kolonial_id": "25372"},
  {"category": "Baketilbeh\u00f8r", "category_list": ["Alle varer", "Mel og bakeingredienser", "Baketilbeh\u00f8r"], "title": "T\u00f8rsleffs Ekte Vaniljesukker", "price": 31.1, "product_variant": "100 g", "quantity_info": [[100.0, "g"]], "image_url": "/media/uploads/public/50/65/969665-6b8a3-product_list.jpg", "unit_price_raw": "kr 311,00 per kg", "product_url": "https://kolonial.no/produkter/18934-torsleffs-ekte-vaniljesukker/", "kolonial_id": "18934"},
  {"category": "Ferske br\u00f8d", "category_list": ["Alle varer", "Br\u00f8d og frokostblandinger", "Ferske br\u00f8d"], "title": "7-kornbr\u00f8d", "price": 40.9, "product_variant": "700 g", "quantity_info": [[700.0, "g"]], "image_url": "/media/uploads/public/76/267/665067-a6fea-product_list.jpg", "unit_price_raw": "kr 58,43 per kg", "product_url": "https://kolonial.no/produkter/27236-7-kornbrod-1-stk/", "kolonial_id": "27236"},
  {"category": "Hermetisert sj\u00f8mat", "category_list": ["Alle varer", "Fisk og sj\u00f8mat", "Hermetisert sj\u00f8mat"], "title": "Mors Sursild", "price": 69.9, "product_variant": "700 g", "quantity_info": [[700.0, "g"]], "image_url": "/media/uploads/public/0/70/48070-5b6d5-product_list.jpg", "unit_price_raw": "kr 99,86 per kg", "product_url": "https://kolonial.no/produkter/16852-fiskcentralen-mors-sursild/", "kolonial_id": "16852"},
  {"category": "Hermetisert sj\u00f8mat", "category_list": ["Alle varer", "Fisk og sj\u00f8mat", "Hermetisert sj\u00f8mat"], "title": "Fiskeboller", "price": 29.9, "product_variant": "800 g", "quantity_info": [[800.0, "g"]], "image_url": "/media/uploads/public/39/139/186139-52889-product_list.jpg", "unit_price_raw": "kr 37,38 per kg", "product_url": "https://kolonial.no/produkter/6634-sunnmore-fiskeboller-800g/", "kolonial_id": "6634"},
  {"category": "Klesvask", "category_list": ["Alle varer", "T\u00f8rkepapir og vaskemidler", "Klesvask"], "title": "Neutral Vaskekapsler White", "price": 36.9, "product_variant": "12 stk", "quantity_info": [[12.0, "stk"]], "image_url": "/media/uploads/public/27/385/815585-a0923-product_list.jpg", "unit_price_raw": "kr 3,08 per stk", "product_url": "https://kolonial.no/produkter/27805-neutral-neutral-vaskekapsler-white/", "kolonial_id": "27805"},
  {"category": "Fersk fisk", "category_list": ["Alle varer", "Fisk og sj\u00f8mat", "Fersk fisk"], "title": "Torskefilet Lettsaltet", "price": 34.9, "product_variant": "Domstein, \n                            \n\n                            Med Skinn Villfisk, ca. 200 g", "quantity_info": [[200.0, "g"]], "image_url": "/media/uploads/public/138/31/658431-59bd0-product_list_large.jpg", "unit_price_raw": "kr 174,50 per kg", "product_url": "https://kolonial.no/produkter/27141-domstein-torskefilet-lettsaltet/", "kolonial_id": "27141"},
  {"category": "Oljer og dressinger", "category_list": ["Alle varer", "Olje og krydder", "Oljer og dressinger"], "title": "Kokosolje Smaksn\u00f8ytral", "price": 64.0, "product_variant": "\u00d8kologisk, 200 g", "quantity_info": [[200.0, "g"]], "image_url": "/media/uploads/public/0/165/83365-d8aed-product_list.jpg", "unit_price_raw": "kr 320,00 per kg", "product_url": "https://kolonial.no/produkter/20410-helios-kokosolje-smaksnoytral-okologisk/", "kolonial_id": "20410"},
  {"category": "Ferdigmikser", "category_list": ["Alle varer", "Mel og bakeingredienser", "Ferdigmikser"], "title": "Eplekake Bakemiks", "price": 35.6, "product_variant": "384 g", "quantity_info": [[384.0, "g"]], "image_url": "/media/uploads/public/79/101/1010901-458fd-product_list.jpg", "unit_price_raw": "kr 92,71 per kg", "product_url": "https://kolonial.no/produkter/21223-toro-eplekake-bakemiks/", "kolonial_id": "21223"},
  {"category": "Ferdigmikser", "category_list": ["Alle varer", "Mel og bakeingredienser", "Ferdigmikser"], "title": "Brownies", "price": 28.1, "product_variant": "552 g", "quantity_info": [[552.0, "g"]], "image_url": "/media/uploads/public/314/60/987660-b959d-product_list.jpg", "unit_price_raw": "kr 50,91 per kg", "product_url": "https://kolonial.no/produkter/46-toro-brownies-530g/", "kolonial_id": "46"},
  {"category": "Tyggis og pastiller", "category_list": ["Alle varer", "Snacks og godteri", "Tyggis og pastiller"], "title": "Halstabletter Tabletter med Honning & Sitron", "price": 50.9, "product_variant": "Repsils, 60 g", "quantity_info": [[60.0, "g"]], "image_url": "/media/uploads/public/266/74/971274-8adf0-product_list.jpg", "unit_price_raw": "kr 848,33 per kg", "product_url": "https://kolonial.no/produkter/23739-halstabletter-tabletter-med-honning-sitron-repsils/", "kolonial_id": "23739"},
  {"category": "Storfe", "category_list": ["Alle varer", "Kj\u00f8tt og kylling", "Storfe"], "title": "Storfe M\u00f8rbradbiff", "price": 124.9, "product_variant": "ca. 365 g", "quantity_info": [[365.0, "g"]], "image_url": "/media/uploads/public/371/170/916170-75193-product_list.jpg", "unit_price_raw": "kr 342,19 per kg", "product_url": "https://kolonial.no/produkter/25802-gilde-storfe-morbradbiff/", "kolonial_id": "25802"},
  {"category": "P\u00f8lsebr\u00f8d, hamburgerbr\u00f8d og boller", "category_list": ["Alle varer", "Br\u00f8d og frokostblandinger", "P\u00f8lsebr\u00f8d, hamburgerbr\u00f8d og boller"], "title": "Hamburgerbr\u00f8d", "price": 48.5, "product_variant": "Glutenfri, 400 g", "quantity_info": [[400.0, "g"]], "image_url": "/media/uploads/public/231/173/970573-4ea36-product_list.jpg", "unit_price_raw": "kr 121,25 per kg", "product_url": "https://kolonial.no/produkter/21874-brisk-hamburgerbrod-glutenfri/", "kolonial_id": "21874"},
  {"category": "P\u00f8lsebr\u00f8d, hamburgerbr\u00f8d og boller", "category_list": ["Alle varer", "Br\u00f8d og frokostblandinger", "P\u00f8lsebr\u00f8d, hamburgerbr\u00f8d og boller"], "title": "True Briochestyle Hamburgerbr\u00f8d", "price": 34.4, "product_variant": "378 g", "quantity_info": [[378.0, "g"]], "image_url": "/media/uploads/public/199/223/186223-7bddf-product_list.jpg", "unit_price_raw": "kr 91,01 per kg", "product_url": "https://kolonial.no/produkter/25160-hatting-true-briochestyle-hamburgerbrod/", "kolonial_id": "25160"},
  {"category": "Frokostblandinger og gryn", "category_list": ["Alle varer", "Br\u00f8d og frokostblandinger", "Frokostblandinger og gryn"], "title": "Weetabix Orginal", "price": 37.5, "product_variant": "95% Fullkorn, 430 g", "quantity_info": [[95.0, "Fullkorn"], [430.0, "g"]], "image_url": "/media/uploads/public/0/114/2914-65d97-product_list.jpg", "unit_price_raw": "kr 87,21 per kg", "product_url": "https://kolonial.no/produkter/2365-weetabix-weetabix-orginal-95-fullkorn/", "kolonial_id": "2365"},
  {"category": "Bursdag", "category_list": ["Alle varer", "Barneprodukter", "Bursdag"], "title": "Klistremerker Pirat", "price": 103.9, "product_variant": "21 Runde og 25 Vimpler, 1 pk", "quantity_info": [[21.0, "Rundeog"], [25.0, "Vimpler"], [1.0, "pk"]], "image_url": "/media/uploads/public/119/9/130409-4ce7b-product_list.jpg", "unit_price_raw": "kr 103,90 per pk", "product_url": "https://kolonial.no/produkter/23555-festligeting-klistremerker-pirat-21-runde-og-25-vi/", "kolonial_id": "23555"},
  {"category": "Frosne br\u00f8d og rundstykker", "category_list": ["Alle varer", "Br\u00f8d og frokostblandinger", "Frosne br\u00f8d og rundstykker"], "title": "Croissant", "price": 27.6, "product_variant": "6 stk, 360 g", "quantity_info": [[6.0, "stk"], [360.0, "g"]], "image_url": "/media/uploads/public/286/278/971878-404c2-product_list.jpg", "unit_price_raw": "kr 76,67 per kg", "product_url": "https://kolonial.no/produkter/24517-god-bakst-croissant-6-stk/", "kolonial_id": "24517"},
  {"category": "Frosne br\u00f8d og rundstykker", "category_list": ["Alle varer", "Br\u00f8d og frokostblandinger", "Frosne br\u00f8d og rundstykker"], "title": "Stenovnsbakt Rundstykker", "price": 45.2, "product_variant": "7 stk, 420 g", "quantity_info": [[7.0, "stk"], [420.0, "g"]], "image_url": "/media/uploads/public/112/373/970373-da9ce-product_list.jpg", "unit_price_raw": "kr 107,62 per kg", "product_url": "https://kolonial.no/produkter/21412-hatting-stenovnsbakt-rundstykke-7-stk/", "kolonial_id": "21412"},
  {"category": "Smokker og t\u00e5teflasker", "category_list": ["Alle varer", "Barneprodukter", "Smokker og t\u00e5teflasker"], "title": "Pocket Smekke Easy Wipe", "price": 119.5, "product_variant": "Assortert Variant, 1 stk", "quantity_info": [[1.0, "stk"]], "image_url": "/media/uploads/public/199/295/374695-cc7e7-product_list.jpg", "unit_price_raw": "kr 119,50 per stk", "product_url": "https://kolonial.no/produkter/26115-bambino-pocket-smekke-easy-wipe-assortert-variant/", "kolonial_id": "26115"},
  {"category": "Supper", "category_list": ["Alle varer", "Middager og tilbeh\u00f8r", "Supper"], "title": "Blomk\u00e5l & Brokkolisuppe", "price": 32.8, "product_variant": "1 l", "quantity_info": [[1.0, "l"]], "image_url": "/media/uploads/public/63/105/967305-ffd6b-product_list.jpg", "unit_price_raw": "kr 32,80 per l", "product_url": "https://kolonial.no/produkter/10709-toro-blomkal-brokkolisuppe-65g/", "kolonial_id": "10709"},
  {"category": "Knekkebr\u00f8d", "category_list": ["Alle varer", "Br\u00f8d og frokostblandinger", "Knekkebr\u00f8d"], "title": "Knekkebr\u00f8d", "price": 26.1, "product_variant": "Normalt Stekt, 200 g", "quantity_info": [[200.0, "g"]], "image_url": "/media/uploads/public/221/8/972408-53a57-product_list.jpg", "unit_price_raw": "kr 130,50 per kg", "product_url": "https://kolonial.no/produkter/5827-leksands-knekkebrod-normalt-stekt-200g/", "kolonial_id": "5827"},
  {"category": "Langtidsholdbare br\u00f8d", "category_list": ["Alle varer", "Br\u00f8d og frokostblandinger", "Langtidsholdbare br\u00f8d"], "title": "Lantgodabr\u00f8d", "price": 43.9, "product_variant": "650 g", "quantity_info": [[650.0, "g"]], "image_url": "/media/uploads/public/77/228/968228-713a5-product_list.jpg", "unit_price_raw": "kr 67,54 per kg", "product_url": "https://kolonial.no/produkter/3307-pagen-lantgodabrod-650g/", "kolonial_id": "3307"},
  {"category": "Langtidsholdbare br\u00f8d", "category_list": ["Alle varer", "Br\u00f8d og frokostblandinger", "Langtidsholdbare br\u00f8d"], "title": "Toast Halvgrov", "price": 32.4, "product_variant": "650 g", "quantity_info": [[650.0, "g"]], "image_url": "/media/uploads/public/45/92/371692-ea933-product_list.jpg", "unit_price_raw": "kr 49,85 per kg", "product_url": "https://kolonial.no/produkter/25952-pagen-toast-halvgrov/", "kolonial_id": "25952"},
  {"category": "V\u00e5tservietter og s\u00e5pe", "category_list": ["Alle varer", "Barneprodukter", "V\u00e5tservietter og s\u00e5pe"], "title": "Ammeinnlegg Hvite", "price": 41.0, "product_variant": "50 stk", "quantity_info": [[50.0, "stk"]], "image_url": "/media/uploads/public/203/293/965093-72599-product_list.jpg", "unit_price_raw": "kr 0,82 per stk", "product_url": "https://kolonial.no/produkter/13627-natusan-ammeinnlegg-hvite-50-stk/", "kolonial_id": "13627"},
  {"category": "Pasta og nudler", "category_list": ["Alle varer", "Middager og tilbeh\u00f8r", "Pasta og nudler"], "title": "Fettuccine \u00d8kologisk", "price": 17.7, "product_variant": "\u00d8kologisk, 500 g", "quantity_info": [[500.0, "g"]], "image_url": "/media/uploads/public/143/259/969859-88a0e-product_list.jpg", "unit_price_raw": "kr 35,40 per kg", "product_url": "https://kolonial.no/produkter/19363-rema-1000-fettuccine-okologisk-okologisk/", "kolonial_id": "19363"},
  {"category": "Batterier", "category_list": ["Alle varer", "Husholdning og tekstil", "Batterier"], "title": "Duracell Batteri Ultra Power", "price": 43.4, "product_variant": "9V, 1 stk", "quantity_info": [[9.0, "V"], [1.0, "stk"]], "image_url": "/media/uploads/public/280/254/970254-d5fdc-product_list.jpg", "unit_price_raw": "kr 43,40 per stk", "product_url": "https://kolonial.no/produkter/20920-duracell-duracell-batteri-ultra-power-9v/", "kolonial_id": "20920"},
  {"category": "Hamburgere", "category_list": ["Alle varer", "Kj\u00f8tt og kylling", "Hamburgere"], "title": "Vegetarburger med Ost", "price": 51.5, "product_variant": "4 stk, 500 g", "quantity_info": [[4.0, "stk"], [500.0, "g"]], "image_url": "/media/uploads/public/151/30/972030-7ef7e-product_list.jpg", "unit_price_raw": "kr 103,00 per kg", "product_url": "https://kolonial.no/produkter/25274-hoff-vegetarburger-med-ost-4-stk/", "kolonial_id": "25274"},
  {"category": "Hermetisert frukt og gr\u00f8nt", "category_list": ["Alle varer", "Frukt og gr\u00f8nt", "Hermetisert frukt og gr\u00f8nt"], "title": "Maiskolber", "price": 15.0, "product_variant": "700 g", "quantity_info": [[700.0, "g"]], "image_url": "/media/uploads/public/345/152/186152-e69ea-product_list.jpg", "unit_price_raw": "kr 21,43 per kg", "product_url": "https://kolonial.no/produkter/8656-rema-1000-maiskolber-700g/", "kolonial_id": "8656"},
  {"category": "Diverse husholdning", "category_list": ["Alle varer", "Husholdning og tekstil", "Diverse husholdning"], "title": "Lampeolje Eksklusiv", "price": 57.9, "product_variant": "1 l", "quantity_info": [[1.0, "l"]], "image_url": "/media/uploads/public/0/9/46009-7ef7b-product_list.jpg", "unit_price_raw": "kr 57,90 per l", "product_url": "https://kolonial.no/produkter/14968-lampeolje-eksklusiv/", "kolonial_id": "14968"},
  {"category": "Diverse husholdning", "category_list": ["Alle varer", "Husholdning og tekstil", "Diverse husholdning"], "title": "Frysetape Scotch", "price": 45.2, "product_variant": "1 stk", "quantity_info": [[1.0, "stk"]], "image_url": "/media/uploads/public/0/77/105277-ce679-product_list.jpg", "unit_price_raw": "kr 45,20 per stk", "product_url": "https://kolonial.no/produkter/22606-frysetape-scotch/", "kolonial_id": "22606"},
  {"category": "Kj\u00f8ttdeig og karbonadedeig", "category_list": ["Alle varer", "Kj\u00f8tt og kylling", "Kj\u00f8ttdeig og karbonadedeig"], "title": "Kj\u00f8ttdeig Av Kylling", "price": 25.0, "product_variant": "V\u00e5r laveste pris, 400 g", "quantity_info": [[400.0, "g"]], "image_url": "/media/uploads/public/12/1/998801-32bb6-product_list.jpg", "unit_price_raw": "kr 62,50 per kg", "product_url": "https://kolonial.no/produkter/27860-den-stolte-hane-kjottdeig-av-kylling/", "kolonial_id": "27860"},
  {"category": "Kj\u00f8ttdeig og karbonadedeig", "category_list": ["Alle varer", "Kj\u00f8tt og kylling", "Kj\u00f8ttdeig og karbonadedeig"], "title": "Kj\u00f8ttdeig Fryst", "price": 119.0, "product_variant": "1 kg", "quantity_info": [[1.0, "kg"]], "image_url": "/media/uploads/public/17/29/966829-9b2fe-product_list.jpg", "unit_price_raw": "kr 119,00 per kg", "product_url": "https://kolonial.no/produkter/13669-nordfjord-kjottdeig-fryst-1kg/", "kolonial_id": "13669"},
  {"category": "Ferdige middagsretter", "category_list": ["Alle varer", "Middager og tilbeh\u00f8r", "Ferdige middagsretter"], "title": "Spaghetti Bolognese", "price": 64.8, "product_variant": "400 g", "quantity_info": [[400.0, "g"]], "image_url": "/media/uploads/public/104/325/966725-72420-product_list.jpg", "unit_price_raw": "kr 162,00 per kg", "product_url": "https://kolonial.no/produkter/10772-toro-spaghetti-bolognese-400g/", "kolonial_id": "10772"},
  {"category": "Ferdige middagsretter", "category_list": ["Alle varer", "Middager og tilbeh\u00f8r", "Ferdige middagsretter"], "title": "Tandoori Kyllinggryte Velbekomme", "price": 71.0, "product_variant": "400 g", "quantity_info": [[400.0, "g"]], "image_url": "/media/uploads/public/182/339/966739-65d4d-product_list.jpg", "unit_price_raw": "kr 177,50 per kg", "product_url": "https://kolonial.no/produkter/4540-toro-tandoori-kyllinggryte-velbekomme-400g/", "kolonial_id": "4540"},
  {"category": "Ferdigsauser", "category_list": ["Alle varer", "Middager og tilbeh\u00f8r", "Ferdigsauser"], "title": "Eriks Peppersaus", "price": 34.0, "product_variant": "230 ml", "quantity_info": [[230.0, "ml"]], "image_url": "/media/uploads/public/0/113/13313-ab331-product_list.jpg", "unit_price_raw": "kr 147,83 per l", "product_url": "https://kolonial.no/produkter/9884-eriks-eriks-peppersaus-230ml/", "kolonial_id": "9884"},
  {"category": "P\u00f8lser", "category_list": ["Alle varer", "Kj\u00f8tt og kylling", "P\u00f8lser"], "title": "Kylling Wiener Halal", "price": 49.9, "product_variant": "500 g", "quantity_info": [[500.0, "g"]], "image_url": "/media/uploads/public/204/262/973862-10049-product_list.jpg", "unit_price_raw": "kr 99,80 per kg", "product_url": "https://kolonial.no/produkter/27645-kylling-wiener-halal/", "kolonial_id": "27645"},
  {"category": "Kontor", "category_list": ["Alle varer", "Husholdning og tekstil", "Kontor"], "title": "Fargeblyanter Jumbo", "price": 37.4, "product_variant": "10 stk", "quantity_info": [[10.0, "stk"]], "image_url": "/media/uploads/public/0/265/21865-93495-product_list.jpg", "unit_price_raw": "kr 3,74 per stk", "product_url": "https://kolonial.no/produkter/10226-fargeblyanter-jumbo-10-stk/", "kolonial_id": "10226"},
  {"category": "Fr\u00f8, n\u00f8tter og t\u00f8rket frukt", "category_list": ["Alle varer", "Frukt og gr\u00f8nt", "Fr\u00f8, n\u00f8tter og t\u00f8rket frukt"], "title": "Rosiner", "price": 21.8, "product_variant": "250 g", "quantity_info": [[250.0, "g"]], "image_url": "/media/uploads/public/80/300/964300-1d953-product_list.jpg", "unit_price_raw": "kr 87,20 per kg", "product_url": "https://kolonial.no/produkter/8292-rema-1000-rosiner-250g/", "kolonial_id": "8292"},
  {"category": "Fr\u00f8, n\u00f8tter og t\u00f8rket frukt", "category_list": ["Alle varer", "Frukt og gr\u00f8nt", "Fr\u00f8, n\u00f8tter og t\u00f8rket frukt"], "title": "Rosiner", "price": 22.1, "product_variant": "6 x 42g, 252 g", "quantity_info": [[6.0, "x"], [42.0, "g"], [252.0, "g"]], "image_url": "/media/uploads/public/309/373/973173-778b5-product_list.jpg", "unit_price_raw": "kr 87,70 per kg", "product_url": "https://kolonial.no/produkter/1039-rosiner-sun-maid-6-x-42g/", "kolonial_id": "1039"},
  {"category": "Kj\u00f8ttboller og karbonader", "category_list": ["Alle varer", "Kj\u00f8tt og kylling", "Kj\u00f8ttboller og karbonader"], "title": "Kj\u00f8ttpudding", "price": 52.8, "product_variant": "500 g", "quantity_info": [[500.0, "g"]], "image_url": "/media/uploads/public/323/102/972502-fe7a1-product_list.jpg", "unit_price_raw": "kr 105,60 per kg", "product_url": "https://kolonial.no/produkter/8266-rema-1000-kjottpudding-500g/", "kolonial_id": "8266"},
  {"category": "Kj\u00f8kkenredskap", "category_list": ["Alle varer", "Husholdning og tekstil", "Kj\u00f8kkenredskap"], "title": "Hvitl\u00f8kspresse", "price": 68.9, "product_variant": "1 stk", "quantity_info": [[1.0, "stk"]], "image_url": "/media/uploads/public/0/246/23446-95efd-product_list.jpg", "unit_price_raw": "kr 68,90 per stk", "product_url": "https://kolonial.no/produkter/10163-hvitlokspresse/", "kolonial_id": "10163"},
  {"category": "Engangs og Servietter", "category_list": ["Alle varer", "Husholdning og tekstil", "Engangs og Servietter"], "title": "Papptallerken Party", "price": 25.9, "product_variant": "23cm, 12 stk", "quantity_info": [[23.0, "cm"], [12.0, "stk"]], "image_url": "/media/uploads/public/17/66/972466-49a35-product_list.jpg", "unit_price_raw": "kr 2,16 per stk", "product_url": "https://kolonial.no/produkter/26132-soft-style-papptallerken-party-23cm/", "kolonial_id": "26132"},
  {"category": "Salater og k\u00e5l", "category_list": ["Alle varer", "Frukt og gr\u00f8nt", "Salater og k\u00e5l"], "title": "R\u00f8dk\u00e5l", "price": 16.9, "product_variant": "1,5 kg", "quantity_info": [[1.5, "kg"]], "image_url": "/media/uploads/public/0/1/13601-311a1-product_list.jpg", "unit_price_raw": "kr 11,27 per kg", "product_url": "https://kolonial.no/produkter/23649-rodkal/", "kolonial_id": "23649"},
  {"category": "Salater og k\u00e5l", "category_list": ["Alle varer", "Frukt og gr\u00f8nt", "Salater og k\u00e5l"], "title": "Spissk\u00e5l", "price": 25.9, "product_variant": "Spania/ Italia, 400 g", "quantity_info": [[400.0, "g"]], "image_url": "/media/uploads/public/268/26/513226-de8ee-product_list.jpg", "unit_price_raw": "kr 64,75 per kg", "product_url": "https://kolonial.no/produkter/26308-spisskal-norge/", "kolonial_id": "26308"},
  {"category": "Frukt", "category_list": ["Alle varer", "Frukt og gr\u00f8nt", "Frukt"], "title": "Lime, \u00d8kologisk 2 pk", "price": 25.9, "product_variant": "Mexico, 230 g", "quantity_info": [[230.0, "g"]], "image_url": "/media/uploads/public/8/350/641950-c419d-product_list.jpg", "unit_price_raw": "kr 112,61 per kg", "product_url": "https://kolonial.no/produkter/27019-lime-okologisk-2-pk-mexico/", "kolonial_id": "27019"},
  {"category": "Frossen frukt og gr\u00f8nt", "category_list": ["Alle varer", "Frukt og gr\u00f8nt", "Frossen frukt og gr\u00f8nt"], "title": "Brokkoliblanding", "price": 67.3, "product_variant": "2 kg", "quantity_info": [[2.0, "kg"]], "image_url": "/media/uploads/public/106/46/970446-24e60-product_list.jpg", "unit_price_raw": "kr 33,65 per kg", "product_url": "https://kolonial.no/produkter/21511-broccoliblanding/", "kolonial_id": "21511"},
  {"category": "Middags-kit og gryteretter", "category_list": ["Alle varer", "Middager og tilbeh\u00f8r", "Middags-kit og gryteretter"], "title": "Tandoori Kyllinggryte", "price": 31.8, "product_variant": "80 g", "quantity_info": [[80.0, "g"]], "image_url": "/media/uploads/public/381/154/967354-c4619-product_list.jpg", "unit_price_raw": "kr 397,50 per kg", "product_url": "https://kolonial.no/produkter/10739-toro-tandoori-kyllinggryte-80g/", "kolonial_id": "10739"},
  {"category": "Ris og gryn", "category_list": ["Alle varer", "Middager og tilbeh\u00f8r", "Ris og gryn"], "title": "Risotto", "price": 62.8, "product_variant": "Med Asparges, 250 g", "quantity_info": [[250.0, "g"]], "image_url": "/media/uploads/public/0/46/2446-39b4a-product_list.jpg", "unit_price_raw": "kr 251,20 per kg", "product_url": "https://kolonial.no/produkter/2158-superbra-risotto-med-asparges-250g/", "kolonial_id": "2158"},
  {"category": "Ris og gryn", "category_list": ["Alle varer", "Middager og tilbeh\u00f8r", "Ris og gryn"], "title": "Risotto", "price": 62.8, "product_variant": "Med Paprika, 250 g", "quantity_info": [[250.0, "g"]], "image_url": "/media/uploads/public/0/40/2440-664f0-product_list.jpg", "unit_price_raw": "kr 251,20 per kg", "product_url": "https://kolonial.no/produkter/2164-superbra-risotto-med-paprika-250g/", "kolonial_id": "2164"},
  {"category": "Posesauser", "category_list": ["Alle varer", "Middager og tilbeh\u00f8r", "Posesauser"], "title": "Bearnaisesaus", "price": 16.1, "product_variant": "29 g", "quantity_info": [[29.0, "g"]], "image_url": "/media/uploads/public/116/359/967559-2784e-product_list.jpg", "unit_price_raw": "kr 555,17 per kg", "product_url": "https://kolonial.no/produkter/763-toro-bearnaisesaus/", "kolonial_id": "763"},
  {"category": "Middagstilbeh\u00f8r", "category_list": ["Alle varer", "Middager og tilbeh\u00f8r", "Middagstilbeh\u00f8r"], "title": "Wasabi Paste", "price": 37.3, "product_variant": "43 g", "quantity_info": [[43.0, "g"]], "image_url": "/media/uploads/public/0/83/13283-e0337-product_list.jpg", "unit_price_raw": "kr 867,44 per kg", "product_url": "https://kolonial.no/produkter/9911-saitaku-wasabi-paste-43g/", "kolonial_id": "9911"},
  {"category": "Lys", "category_list": ["Alle varer", "Husholdning og tekstil", "Lys"], "title": "Ecocl 28w 240v E14", "price": 35.9, "product_variant": "1 stk", "quantity_info": [[1.0, "stk"]], "image_url": "/media/uploads/public/0/110/105310-649fd-product_list.jpg", "unit_price_raw": "kr 35,90 per stk", "product_url": "https://kolonial.no/produkter/22657-philips-ecocl-28w-240v-e14/", "kolonial_id": "22657"},
  {"category": "Kylling, kalkun og and", "category_list": ["Alle varer", "Kj\u00f8tt og kylling", "Kylling, kalkun og and"], "title": "Kyllingklubber Naturell", "price": 39.0, "product_variant": "500 g", "quantity_info": [[500.0, "g"]], "image_url": "/media/uploads/public/362/170/509770-72e00-product_list.jpg", "unit_price_raw": "kr 78,00 per kg", "product_url": "https://kolonial.no/produkter/24438-stanges-gardsprodukter-kyllingklubber-naturell/", "kolonial_id": "24438"},
  {"category": "Kylling, kalkun og and", "category_list": ["Alle varer", "Kj\u00f8tt og kylling", "Kylling, kalkun og and"], "title": "Kyllingl\u00e5r med Sm\u00f8r", "price": 40.0, "product_variant": "Rett i Ovnen, 290 g", "quantity_info": [[290.0, "g"]], "image_url": "/media/uploads/public/312/6/790806-c28d6-product_list.jpg", "unit_price_raw": "kr 137,93 per kg", "product_url": "https://kolonial.no/produkter/24524-stanges-gardsprodukter-kyllinglar-med-smor-rett-i-/", "kolonial_id": "24524"},
  {"category": "Bacon og tilbeh\u00f8r", "category_list": ["Alle varer", "Kj\u00f8tt og kylling", "Bacon og tilbeh\u00f8r"], "title": "Kalkunbacon Skivet", "price": 27.8, "product_variant": "140 g", "quantity_info": [[140.0, "g"]], "image_url": "/media/uploads/public/133/313/971913-ad438-product_list.jpg", "unit_price_raw": "kr 198,57 per kg", "product_url": "https://kolonial.no/produkter/24072-prior-kalkunbacon-skivet/", "kolonial_id": "24072"},
  {"category": "Morsmelkerstatning", "category_list": ["Alle varer", "Barneprodukter", "Morsmelkerstatning"], "title": "Nan 1 Sensilac", "price": 84.4, "product_variant": "Fra f\u00f8dselen, 3 l", "quantity_info": [[3.0, "l"]], "image_url": "/media/uploads/public/347/87/587687-b54c3-product_list.jpg", "unit_price_raw": "kr 28,13 per l", "product_url": "https://kolonial.no/produkter/26463-nestle-nan-1-sensilac-fra-fodselen/", "kolonial_id": "26463"},
  {"category": "Smoothie, yoghurt og mellomm\u00e5ltid", "category_list": ["Alle varer", "Barneprodukter", "Smoothie, yoghurt og mellomm\u00e5ltid"], "title": "Danonino Drikkeyoghurt", "price": 30.2, "product_variant": "Jordb\u00e6r 4x100g, 400 g", "quantity_info": [[4.0, "x"], [100.0, "g"], [400.0, "g"]], "image_url": "/media/uploads/public/328/272/966672-6f496-product_list.jpg", "unit_price_raw": "kr 75,50 per kg", "product_url": "https://kolonial.no/produkter/2371-danonino-danonino-drikkeyoghurt-jordbaer-4x100g/", "kolonial_id": "2371"},
  {"category": "Middagsglass", "category_list": ["Alle varer", "Barneprodukter", "Middagsglass"], "title": "Fullkorn Lasagne \u00d8kologisk", "price": 20.1, "product_variant": "Fra 8 mnd, 195 g", "quantity_info": [[8.0, "mnd"], [195.0, "g"]], "image_url": "/media/uploads/public/1/37/973237-54091-product_list.jpg", "unit_price_raw": "kr 103,08 per kg", "product_url": "https://kolonial.no/produkter/5521-nestle-fullkorn-lasagne-fra-8-mnd/", "kolonial_id": "5521"},
  {"category": "Middagsglass", "category_list": ["Alle varer", "Barneprodukter", "Middagsglass"], "title": "Mammas Kyllingboller med Pasta", "price": 18.6, "product_variant": "Fra 12 mnd, 195 g", "quantity_info": [[12.0, "mnd"], [195.0, "g"]], "image_url": "/media/uploads/public/284/35/966035-654a1-product_list.jpg", "unit_price_raw": "kr 95,38 per kg", "product_url": "https://kolonial.no/produkter/5503-nestle-mammas-kyllingboller-med-pasta-fra-12-mnd/", "kolonial_id": "5503"},
  {"category": "Julens middagstilbeh\u00f8r", "category_list": ["Alle varer", "Middager og tilbeh\u00f8r", "Julens middagstilbeh\u00f8r"], "title": "Pariseragurker", "price": 21.9, "product_variant": "580 g", "quantity_info": [[580.0, "g"]], "image_url": "/media/uploads/public/267/372/965172-c93e2-product_list.jpg", "unit_price_raw": "kr 37,76 per kg", "product_url": "https://kolonial.no/produkter/6739-nora-pariseragurker-580g/", "kolonial_id": "6739"},
  {"category": "Poser og folie", "category_list": ["Alle varer", "Husholdning og tekstil", "Poser og folie"], "title": "Stekeposer Ekstra Store", "price": 11.3, "product_variant": "2 stk", "quantity_info": [[2.0, "stk"]], "image_url": "/media/uploads/public/69/165/968565-5c867-product_list.jpg", "unit_price_raw": "kr 5,65 per stk", "product_url": "https://kolonial.no/produkter/16239-soft-style-stekeposer-ekstra-store/", "kolonial_id": "16239"},
  {"category": "Rulletobakk", "category_list": ["Alle varer", "Snus og tobakk", "Rulletobakk"], "title": "Petter\u00f8e's Blanding 3", "price": 259.9, "product_variant": "50 g", "quantity_info": [[50.0, "g"]], "image_url": "https://kolonial.no/static/products/img/placeholder.bffcea8d3530.png", "unit_price_raw": "kr 5198,00 per kg", "product_url": "https://kolonial.no/produkter/15555-petteroes-petteroes-blanding-3/", "kolonial_id": "15555"},
  {"category": "Gr\u00f8t", "category_list": ["Alle varer", "Barneprodukter", "Gr\u00f8t"], "title": "Fullkorn Eksotiske Frukter", "price": 74.0, "product_variant": "Fra 1 \u00e5r, 480 g", "quantity_info": [[1.0, "\u00e5r"], [480.0, "g"]], "image_url": "/media/uploads/public/164/102/971302-c0dda-product_list.jpg", "unit_price_raw": "kr 154,17 per kg", "product_url": "https://kolonial.no/produkter/23395-nestle-fullkorn-eksotiske-frukter-fra-1-ar/", "kolonial_id": "23395"},
  {"category": "Gr\u00f8t", "category_list": ["Alle varer", "Barneprodukter", "Gr\u00f8t"], "title": "Min Velling Fullkorn", "price": 76.5, "product_variant": "Fra 12 mnd, 750 g", "quantity_info": [[12.0, "mnd"], [750.0, "g"]], "image_url": "/media/uploads/public/192/112/971312-e9b15-product_list.jpg", "unit_price_raw": "kr 102,00 per kg", "product_url": "https://kolonial.no/produkter/23399-nestle-min-velling-fullkorn-fra-12-mnd/", "kolonial_id": "23399"},
  {"category": "Honning og s\u00f8tp\u00e5legg", "category_list": ["Alle varer", "P\u00e5legg", "Honning og s\u00f8tp\u00e5legg"], "title": "Lynghonning", "price": 76.1, "product_variant": "250 g", "quantity_info": [[250.0, "g"]], "image_url": "/media/uploads/public/115/69/188069-83f7a-product_list.jpg", "unit_price_raw": "kr 304,40 per kg", "product_url": "https://kolonial.no/produkter/25142-stavland-lynghonning/", "kolonial_id": "25142"},
  {"category": "Snus", "category_list": ["Alle varer", "Snus og tobakk", "Snus"], "title": "Skruf White #4", "price": 92.9, "product_variant": "Xtra Stark Snus, 22 g", "quantity_info": [[22.0, "g"]], "image_url": "https://kolonial.no/static/products/img/placeholder.bffcea8d3530.png", "unit_price_raw": "kr 4222,73 per kg", "product_url": "https://kolonial.no/produkter/3817-skruf-skruf-white-4-xtra-stark-snus/", "kolonial_id": "3817"},
  {"category": "Sigaretter", "category_list": ["Alle varer", "Snus og tobakk", "Sigaretter"], "title": "Petter\u00f8e's Original", "price": 124.9, "product_variant": "20 stk", "quantity_info": [[20.0, "stk"]], "image_url": "https://kolonial.no/static/products/img/placeholder.bffcea8d3530.png", "unit_price_raw": "kr 6,25 per stk", "product_url": "https://kolonial.no/produkter/4051-petteroes-petteroes-original-20-stk/", "kolonial_id": "4051"},
  {"category": "Sigaretter", "category_list": ["Alle varer", "Snus og tobakk", "Sigaretter"], "title": "Petter\u00f8e's Lys Bl\u00e5", "price": 124.9, "product_variant": "20 stk", "quantity_info": [[20.0, "stk"]], "image_url": "https://kolonial.no/static/products/img/placeholder.bffcea8d3530.png", "unit_price_raw": "kr 6,25 per stk", "product_url": "https://kolonial.no/produkter/4033-petteroes-petteroes-lys-bla-20-stk/", "kolonial_id": "4033"},
  {"category": "Salatp\u00e5legg", "category_list": ["Alle varer", "P\u00e5legg", "Salatp\u00e5legg"], "title": "Eggesalat", "price": 33.1, "product_variant": "200 g", "quantity_info": [[200.0, "g"]], "image_url": "/media/uploads/public/383/96/1004096-f0fef-product_list.jpg", "unit_price_raw": "kr 165,50 per kg", "product_url": "https://kolonial.no/produkter/17572-delikat-eggesalat/", "kolonial_id": "17572"},
  {"category": "Leverpostei", "category_list": ["Alle varer", "P\u00e5legg", "Leverpostei"], "title": "Leverpostei Ovnsbakt", "price": 22.3, "product_variant": "Go Og Mager, 180 g", "quantity_info": [[180.0, "g"]], "image_url": "/media/uploads/public/175/243/966643-b7ce0-product_list.jpg", "unit_price_raw": "kr 123,89 per kg", "product_url": "https://kolonial.no/produkter/2599-gilde-leverpostei-ovnsbakt-go-og-mager-180g/", "kolonial_id": "2599"},
  {"category": "Majones og tubep\u00e5legg", "category_list": ["Alle varer", "P\u00e5legg", "Majones og tubep\u00e5legg"], "title": "Majones", "price": 24.8, "product_variant": "Lett, 170 g", "quantity_info": [[170.0, "g"]], "image_url": "/media/uploads/public/15/282/1007882-35037-product_list.jpg", "unit_price_raw": "kr 145,88 per kg", "product_url": "https://kolonial.no/produkter/583-mills-majones-lett-175g/", "kolonial_id": "583"},
  {"category": "Majones og tubep\u00e5legg", "category_list": ["Alle varer", "P\u00e5legg", "Majones og tubep\u00e5legg"], "title": "Remulade", "price": 29.2, "product_variant": "Tube, 160 g", "quantity_info": [[160.0, "g"]], "image_url": "/media/uploads/public/85/1/972001-d2460-product_list.jpg", "unit_price_raw": "kr 182,50 per kg", "product_url": "https://kolonial.no/produkter/565-mills-remulade-tube-165g/", "kolonial_id": "565"},
  {"category": "Syltet\u00f8y", "category_list": ["Alle varer", "P\u00e5legg", "Syltet\u00f8y"], "title": "Jordb\u00e6rsyltet\u00f8y", "price": 35.9, "product_variant": "Uten Tilsatt Sukker, 330 g", "quantity_info": [[330.0, "g"]], "image_url": "/media/uploads/public/123/323/967123-c7cce-product_list.jpg", "unit_price_raw": "kr 108,79 per kg", "product_url": "https://kolonial.no/produkter/3604-lerum-jordbaersyltetoy-uten-tilsatt-sukker/", "kolonial_id": "3604"},
  {"category": "Fiskep\u00e5legg", "category_list": ["Alle varer", "P\u00e5legg", "Fiskep\u00e5legg"], "title": "Peppermakrell i olje", "price": 32.1, "product_variant": "80 g", "quantity_info": [[80.0, "g"]], "image_url": "/media/uploads/public/94/57/965257-b03c2-product_list.jpg", "unit_price_raw": "kr 401,25 per kg", "product_url": "https://kolonial.no/produkter/618-stabburet-peppermakrell-i-olje-80g/", "kolonial_id": "618"},
  {"category": "Kj\u00f8tt- og kyllingp\u00e5legg", "category_list": ["Alle varer", "P\u00e5legg", "Kj\u00f8tt- og kyllingp\u00e5legg"], "title": "Skinkestek", "price": 33.4, "product_variant": "100 g", "quantity_info": [[100.0, "g"]], "image_url": "/media/uploads/public/118/216/971416-bc02c-product_list.jpg", "unit_price_raw": "kr 334,00 per kg", "product_url": "https://kolonial.no/produkter/3553-gilde-skinkestek-100g/", "kolonial_id": "3553"},
  {"category": "Spekemat og salami", "category_list": ["Alle varer", "P\u00e5legg", "Spekemat og salami"], "title": "Heia F\u00e5rep\u00f8lse", "price": 32.8, "product_variant": "80 g", "quantity_info": [[80.0, "g"]], "image_url": "/media/uploads/public/150/373/636773-f980f-product_list.jpg", "unit_price_raw": "kr 410,00 per kg", "product_url": "https://kolonial.no/produkter/26910-grilstad-heia-farepolse/", "kolonial_id": "26910"},
  {"category": "Kattemat", "category_list": ["Alle varer", "Dyremat", "Kattemat"], "title": "Whiskas Fisk & Kj\u00f8tt i Gele", "price": 64.1, "product_variant": "12x100g, 1,2 kg", "quantity_info": [[12.0, "x"], [100.0, "g"], [1.2, "kg"]], "image_url": "/media/uploads/public/211/322/969922-b8284-product_list.jpg", "unit_price_raw": "kr 53,42 per kg", "product_url": "https://kolonial.no/produkter/19504-whiskas-whiskas-fisk-kjott-i-gele-12x100g/", "kolonial_id": "19504"},
  {"category": "Fl\u00f8te og r\u00f8mmeprodukter", "category_list": ["Alle varer", "Melk, meieriprodukter og egg", "Fl\u00f8te og r\u00f8mmeprodukter"], "title": "Lettr\u00f8mme", "price": 14.9, "product_variant": "18%, 300 g", "quantity_info": [[18.0, ""], [300.0, "g"]], "image_url": "/media/uploads/public/0/79/79-8d6a7-product_list.jpg", "unit_price_raw": "kr 49,67 per kg", "product_url": "https://kolonial.no/produkter/428-tine-lettromme-300g/", "kolonial_id": "428"},
  {"category": "Sm\u00f8r og margarin", "category_list": ["Alle varer", "Melk, meieriprodukter og egg", "Sm\u00f8r og margarin"], "title": "Soft Flora Original", "price": 28.5, "product_variant": "600 g", "quantity_info": [[600.0, "g"]], "image_url": "/media/uploads/public/267/280/1007880-411b2-product_list.jpg", "unit_price_raw": "kr 47,50 per kg", "product_url": "https://kolonial.no/produkter/3145-soft-flora-soft-flora-original/", "kolonial_id": "3145"},
  {"category": "Energidrikk", "category_list": ["Alle varer", "Drikkevarer", "Energidrikk"], "title": "Maxim Protein Boost Chocolate", "price": 33.4, "product_variant": "Proteinshake, 0,31 l", "quantity_info": [[0.31, "l"]], "image_url": "/media/uploads/public/385/299/972699-307a2-product_list.jpg", "unit_price_raw": "kr 33,40 per stk", "product_url": "https://kolonial.no/produkter/26696-maxim-maxim-protein-boost-chocolate-proteinshake/", "kolonial_id": "26696"},
  {"category": "Kakao og sjokoladepulver", "category_list": ["Alle varer", "Drikkevarer", "Kakao og sjokoladepulver"], "title": "Solb\u00e6rtoddy", "price": 39.9, "product_variant": "10pk, 320 g", "quantity_info": [[10.0, "pk"], [320.0, "g"]], "image_url": "/media/uploads/public/390/190/964590-ef981-product_list.jpg", "unit_price_raw": "kr 124,69 per kg", "product_url": "https://kolonial.no/produkter/10885-freia-solbaertoddy-10pk/", "kolonial_id": "10885"},
  {"category": "Te", "category_list": ["Alle varer", "Drikkevarer", "Te"], "title": "Gr\u00f8nn Te Ingef\u00e6r", "price": 50.9, "product_variant": "25 stk", "quantity_info": [[25.0, "stk"]], "image_url": "/media/uploads/public/244/96/663696-efbc1-product_list.jpg", "unit_price_raw": "kr 2,04 per stk", "product_url": "https://kolonial.no/produkter/27189-twinings-gronn-te-ingefaer/", "kolonial_id": "27189"},
  {"category": "Kaffe", "category_list": ["Alle varer", "Drikkevarer", "Kaffe"], "title": "Original Filtermalt Kaffe", "price": 53.8, "product_variant": "500 g", "quantity_info": [[500.0, "g"]], "image_url": "/media/uploads/public/150/39/965639-2ede6-product_list.jpg", "unit_price_raw": "kr 107,60 per kg", "product_url": "https://kolonial.no/produkter/6031-kjeldsberg-kaffebrenneri-original-filtermalt-kaffe/", "kolonial_id": "6031"},
  {"category": "Kaffe", "category_list": ["Alle varer", "Drikkevarer", "Kaffe"], "title": "Fairtrade Kaffe Filtermalt", "price": 39.6, "product_variant": "\u00d8kologisk, 250 g", "quantity_info": [[250.0, "g"]], "image_url": "/media/uploads/public/228/29/965629-9799d-product_list.jpg", "unit_price_raw": "kr 158,40 per kg", "product_url": "https://kolonial.no/produkter/15142-kjeldsberg-kaffebrenneri-fairtrade-kaffe-filtermal/", "kolonial_id": "15142"},
  {"category": "Iste", "category_list": ["Alle varer", "Drikkevarer", "Iste"], "title": "Iste Fersken", "price": 20.4, "product_variant": "0,45 l", "quantity_info": [[0.45, "l"]], "image_url": "/media/uploads/public/380/131/511731-5e34b-product_list.jpg", "unit_price_raw": "kr 45,33 per l", "product_url": "https://kolonial.no/produkter/26285-grans-bryggeri-iste-fersken/", "kolonial_id": "26285"},
  {"category": "Saft", "category_list": ["Alle varer", "Drikkevarer", "Saft"], "title": "Fun Light Strawberry Passion", "price": 40.9, "product_variant": "0,8 l", "quantity_info": [[0.8, "l"]], "image_url": "/media/uploads/public/151/115/973315-2f2aa-product_list.jpg", "unit_price_raw": "kr 51,13 per l", "product_url": "https://kolonial.no/produkter/27354-fun-light-fun-light-strawberry-passion/", "kolonial_id": "27354"},
  {"category": "Smoothie", "category_list": ["Alle varer", "Drikkevarer", "Smoothie"], "title": "Smoothie Bl\u00e5b\u00e6r & Bringeb\u00e6r", "price": 40.9, "product_variant": "750 ml", "quantity_info": [[750.0, "ml"]], "image_url": "/media/uploads/public/126/91/158091-80fb0-product_list.jpg", "unit_price_raw": "kr 54,53 per l", "product_url": "https://kolonial.no/produkter/24278-froosh-smoothie-blabaer-bringebaer/", "kolonial_id": "24278"},
  {"category": "Juice", "category_list": ["Alle varer", "Drikkevarer", "Juice"], "title": "Eplejuice Premium", "price": 43.0, "product_variant": "1,5 l", "quantity_info": [[1.5, "l"]], "image_url": "/media/uploads/public/221/238/965038-24e48-product_list.jpg", "unit_price_raw": "kr 28,67 per l", "product_url": "https://kolonial.no/produkter/11461-rema-1000-eplejuice-premium-15l/", "kolonial_id": "11461"},
  {"category": "Vann og mineralvann", "category_list": ["Alle varer", "Drikkevarer", "Vann og mineralvann"], "title": "Imsdal Eple", "price": 26.4, "product_variant": "0 kalorier, 0,65 l", "quantity_info": [[0.0, "kalorier"], [0.65, "l"]], "image_url": "/media/uploads/public/374/108/723708-8f6b3-product_list.jpg", "unit_price_raw": "kr 40,62 per l", "product_url": "https://kolonial.no/produkter/27743-imsdal-imsdal-eple-0-kalorier/", "kolonial_id": "27743"},
  {"category": "Sm\u00f8reost og prim", "category_list": ["Alle varer", "Oster", "Sm\u00f8reost og prim"], "title": "Sn\u00f8frisk Ramsl\u00f8k & Hvitl\u00f8k", "price": 29.5, "product_variant": "125 g", "quantity_info": [[125.0, "g"]], "image_url": "/media/uploads/public/322/77/152077-6f534-product_list.jpg", "unit_price_raw": "kr 236,00 per kg", "product_url": "https://kolonial.no/produkter/21259-tine-snofrisk-ramslok-hvitlok/", "kolonial_id": "21259"},
  {"category": "Brunost", "category_list": ["Alle varer", "Oster", "Brunost"], "title": "Fl\u00f8temysost", "price": 57.3, "product_variant": "Lettere, 500 g", "quantity_info": [[500.0, "g"]], "image_url": "/media/uploads/public/137/96/966496-1e8be-product_list.jpg", "unit_price_raw": "kr 114,60 per kg", "product_url": "https://kolonial.no/produkter/12244-tine-flotemysost-lettere-500g/", "kolonial_id": "12244"},
  {"category": "Bleier", "category_list": ["Alle varer", "Barneprodukter", "Bleier"], "title": "Libero Up&Go", "price": 56.8, "product_variant": "Str.6 13-20kg, 20 stk", "quantity_info": [[613.0, ""], [20.0, "kg"], [20.0, "stk"]], "image_url": "/media/uploads/public/129/41/1000841-bc822-product_list.jpg", "unit_price_raw": "kr 2,84 per stk", "product_url": "https://kolonial.no/produkter/1222-libero-go-str6-13-20kg/", "kolonial_id": "1222"},
  {"category": "Spesialoster", "category_list": ["Alle varer", "Oster", "Spesialoster"], "title": "Mascarpone", "price": 48.3, "product_variant": "250 g", "quantity_info": [[250.0, "g"]], "image_url": "/media/uploads/public/0/65/13265-c0ea8-product_list.jpg", "unit_price_raw": "kr 193,20 per kg", "product_url": "https://kolonial.no/produkter/9929-mascarpone-250g/", "kolonial_id": "9929"},
  {"category": "Spesialoster", "category_list": ["Alle varer", "Oster", "Spesialoster"], "title": "Brie de Paris", "price": 46.9, "product_variant": "250 g", "quantity_info": [[250.0, "g"]], "image_url": "/media/uploads/public/37/231/973031-c4da7-product_list.jpg", "unit_price_raw": "kr 187,60 per kg", "product_url": "https://kolonial.no/produkter/18616-brie-de-paris/", "kolonial_id": "18616"},
  {"category": "Julens p\u00e5legg", "category_list": ["Alle varer", "P\u00e5legg", "Julens p\u00e5legg"], "title": "Kyllingskinke Skivet", "price": 86.5, "product_variant": "Str\u00f8m-Larsen, 200 g", "quantity_info": [[200.0, "g"]], "image_url": "/media/uploads/public/96/122/137322-9d997-product_list.jpg", "unit_price_raw": "kr 432,50 per kg", "product_url": "https://kolonial.no/produkter/23699-strom-larsen-kyllingskinke-skivet-strom-larsen/", "kolonial_id": "23699"},
  {"category": "Brus", "category_list": ["Alle varer", "Drikkevarer", "Brus"], "title": "Fanta Orange", "price": 36.9, "product_variant": "1,5 l", "quantity_info": [[1.5, "l"]], "image_url": "/media/uploads/public/79/313/968313-303f0-product_list.jpg", "unit_price_raw": "kr 24,60 per l", "product_url": "https://kolonial.no/produkter/514-fanta-orange-1-5l/", "kolonial_id": "514"},
  {"category": "Hundemat", "category_list": ["Alle varer", "Dyremat", "Hundemat"], "title": "Dentastix Small", "price": 33.1, "product_variant": "110 g", "quantity_info": [[110.0, "g"]], "image_url": "/media/uploads/public/69/314/965914-2facb-product_list.jpg", "unit_price_raw": "kr 300,91 per kg", "product_url": "https://kolonial.no/produkter/13927-pedigree-dentastix-small/", "kolonial_id": "13927"},
  {"category": "Snittblomster", "category_list": ["Alle varer", "Blomster og planter", "Snittblomster"], "title": "Ruscus", "price": 50.0, "product_variant": "50cm, 1 stk", "quantity_info": [[50.0, "cm"], [1.0, "stk"]], "image_url": "/media/uploads/public/162/32/998832-f1394-product_list.jpg", "unit_price_raw": "kr 50,00 per stk", "product_url": "https://kolonial.no/produkter/27828-ruscus-50cm-1-stk/", "kolonial_id": "27828"},
  {"category": "Taco", "category_list": ["Alle varer", "Pizza og taco", "Taco"], "title": "Soft Tortillas Stand'n Stuff", "price": 16.6, "product_variant": "190g, 193 g", "quantity_info": [[190.0, "g"], [193.0, "g"]], "image_url": "/media/uploads/public/380/263/967863-c2680-product_list.jpg", "unit_price_raw": "kr 86,01 per kg", "product_url": "https://kolonial.no/produkter/3487-old-el-paso-soft-tortillas-standn-stuff-190g/", "kolonial_id": "3487"},
  {"category": "Buljong og fond", "category_list": ["Alle varer", "Olje og krydder", "Buljong og fond"], "title": "Fond du Chef", "price": 26.1, "product_variant": "Kj\u00f8tt, 4x28g, 112 g", "quantity_info": [[4.0, "x"], [28.0, "g"], [112.0, "g"]], "image_url": "/media/uploads/public/10/282/965882-9777e-product_list.jpg", "unit_price_raw": "kr 233,04 per kg", "product_url": "https://kolonial.no/produkter/13969-knorr-fond-du-chef-kjott-4x28g/", "kolonial_id": "13969"},
  {"category": "Buljong og fond", "category_list": ["Alle varer", "Olje og krydder", "Buljong og fond"], "title": "H\u00f8nsebuljong Terninger", "price": 25.0, "product_variant": "6 l", "quantity_info": [[6.0, "l"]], "image_url": "/media/uploads/public/185/337/637137-9a647-product_list.jpg", "unit_price_raw": "kr 4,17 per l", "product_url": "https://kolonial.no/produkter/7597-knorr-honsebuljong-terninger/", "kolonial_id": "7597"},
  {"category": "Kryddermiks", "category_list": ["Alle varer", "Olje og krydder", "Kryddermiks"], "title": "Kryddermiks Kylling", "price": 6.2, "product_variant": "Taste Lab, 30 g", "quantity_info": [[30.0, "g"]], "image_url": "/media/uploads/public/225/153/971753-4889b-product_list.jpg", "unit_price_raw": "kr 206,67 per kg", "product_url": "https://kolonial.no/produkter/24020-rema-1000-kryddermiks-kylling-taste-lab/", "kolonial_id": "24020"},
  {"category": "Ketchup og sennep", "category_list": ["Alle varer", "Olje og krydder", "Ketchup og sennep"], "title": "Dijon Sennep", "price": 19.8, "product_variant": "380 g", "quantity_info": [[380.0, "g"]], "image_url": "/media/uploads/public/384/321/970721-a259c-product_list.jpg", "unit_price_raw": "kr 52,11 per kg", "product_url": "https://kolonial.no/produkter/545-maille-dijon-sennep-380g/", "kolonial_id": "545"},
  {"category": "Deodorant", "category_list": ["Alle varer", "Hygieneartikler", "Deodorant"], "title": "Dry Impact Deo", "price": 29.6, "product_variant": "Rollon, 50 ml", "quantity_info": [[50.0, "ml"]], "image_url": "/media/uploads/public/114/104/973704-ac96b-product_list.jpg", "unit_price_raw": "kr 592,00 per l", "product_url": "https://kolonial.no/produkter/13129-nivea-dry-impact-deo-rollon-50ml/", "kolonial_id": "13129"},
  {"category": "Melk", "category_list": ["Alle varer", "Melk, meieriprodukter og egg", "Melk"], "title": "R\u00f8rosmj\u00f8lk \u00d8kologisk", "price": 18.9, "product_variant": "0,7% Fett, 1 l", "quantity_info": [[0.7, "Fett"], [1.0, "l"]], "image_url": "/media/uploads/public/324/174/973374-a9f67-product_list.jpg", "unit_price_raw": "kr 18,90 per l", "product_url": "https://kolonial.no/produkter/24245-rorosmeieriet-rorosmjolk-okologisk-07-fett/", "kolonial_id": "24245"},
  {"category": "Barbering", "category_list": ["Alle varer", "Hygieneartikler", "Barbering"], "title": "Satincare Pure & Delicate", "price": 42.6, "product_variant": "200 ml", "quantity_info": [[200.0, "ml"]], "image_url": "/media/uploads/public/368/81/965281-1c8a2-product_list.jpg", "unit_price_raw": "kr 213,00 per l", "product_url": "https://kolonial.no/produkter/15447-gillette-satincare-pure-delicate/", "kolonial_id": "15447"},
  {"category": "Barbering", "category_list": ["Alle varer", "Hygieneartikler", "Barbering"], "title": "Barbergel Fusion Ultramoist", "price": 51.9, "product_variant": "Hydrating, 200 ml", "quantity_info": [[200.0, "ml"]], "image_url": "/media/uploads/public/379/243/973443-ec6ba-product_list.jpg", "unit_price_raw": "kr 259,50 per l", "product_url": "https://kolonial.no/produkter/382-gillette-barbergel-fusion-ultramoist-hydrating/", "kolonial_id": "382"},
  {"category": "Barnes\u00e5pe og babyolje", "category_list": ["Alle varer", "Shampo, s\u00e5pe og krem", "Barnes\u00e5pe og babyolje"], "title": "Babyolje", "price": 43.6, "product_variant": "250 ml", "quantity_info": [[250.0, "ml"]], "image_url": "/media/uploads/public/47/63/969263-68675-product_list.jpg", "unit_price_raw": "kr 174,40 per l", "product_url": "https://kolonial.no/produkter/17986-rema-1000-babyolje/", "kolonial_id": "17986"},
  {"category": "Barnes\u00e5pe og babyolje", "category_list": ["Alle varer", "Shampo, s\u00e5pe og krem", "Barnes\u00e5pe og babyolje"], "title": "Bedtime Oil", "price": 34.1, "product_variant": "200 ml", "quantity_info": [[200.0, "ml"]], "image_url": "/media/uploads/public/0/55/38055-ad1c9-product_list.jpg", "unit_price_raw": "kr 170,50 per l", "product_url": "https://kolonial.no/produkter/15420-natusan-bedtime-oil/", "kolonial_id": "15420"},
  {"category": "Bomull og ansiktsrens", "category_list": ["Alle varer", "Hygieneartikler", "Bomull og ansiktsrens"], "title": "Face Wash", "price": 70.0, "product_variant": "150 ml", "quantity_info": [[150.0, "ml"]], "image_url": "/media/uploads/public/218/129/262529-5b6d8-product_list.jpg", "unit_price_raw": "kr 466,67 per l", "product_url": "https://kolonial.no/produkter/25520-neutral-face-wash/", "kolonial_id": "25520"},
  {"category": "Krydder", "category_list": ["Alle varer", "Olje og krydder", "Krydder"], "title": "Tellicherry pepper", "price": 55.8, "product_variant": "Med kvern, 70 g", "quantity_info": [[70.0, "g"]], "image_url": "/media/uploads/public/54/8/964408-395be-product_list.jpg", "unit_price_raw": "kr 797,14 per kg", "product_url": "https://kolonial.no/produkter/550-santa-maria-tellicherry-pepper-med-kvern/", "kolonial_id": "550"},
  {"category": "Krydder", "category_list": ["Alle varer", "Olje og krydder", "Krydder"], "title": "Muskatn\u00f8tt", "price": 9.5, "product_variant": "Malt, 10 g", "quantity_info": [[10.0, "g"]], "image_url": "/media/uploads/public/205/394/965594-92d0c-product_list.jpg", "unit_price_raw": "kr 950,00 per kg", "product_url": "https://kolonial.no/produkter/6049-toro-muskatnott-malt-10g/", "kolonial_id": "6049"},
  {"category": "Helsekost", "category_list": ["Alle varer", "Legemidler og helsekost", "Helsekost"], "title": "M\u00f6ller's Dobbel", "price": 96.4, "product_variant": "112 kapsler, 1 stk", "quantity_info": [[112.0, "kapsler"], [1.0, "stk"]], "image_url": "/media/uploads/public/333/60/968460-aeac4-product_list.jpg", "unit_price_raw": "kr 96,40 per stk", "product_url": "https://kolonial.no/produkter/15804-mollers-mollers-dobbel-112-kapsler/", "kolonial_id": "15804"},
  {"category": "Proteinbar og m\u00fcslibar", "category_list": ["Alle varer", "Legemidler og helsekost", "Proteinbar og m\u00fcslibar"], "title": "Toffee Fudge", "price": 29.6, "product_variant": "40 g", "quantity_info": [[40.0, "g"]], "image_url": "/media/uploads/public/394/235/534635-a4e1b-product_list.jpg", "unit_price_raw": "kr 740,00 per kg", "product_url": "https://kolonial.no/produkter/26386-nutrilett-toffee-fudge/", "kolonial_id": "26386"},
  {"category": "Bind og tamponger", "category_list": ["Alle varer", "Hygieneartikler", "Bind og tamponger"], "title": "Bind Ultra Long+ Med Vinger", "price": 20.6, "product_variant": "12 stk", "quantity_info": [[12.0, "stk"]], "image_url": "/media/uploads/public/0/199/6199-c13b4-product_list.jpg", "unit_price_raw": "kr 1,72 per stk", "product_url": "https://kolonial.no/produkter/6580-always-bind-ultra-long-med-vinger-12-stk/", "kolonial_id": "6580"},
  {"category": "Nikotinprodukter", "category_list": ["Alle varer", "Legemidler og helsekost", "Nikotinprodukter"], "title": "Nicorette Munnspray Mint", "price": 298.7, "product_variant": "1mg/dose, 150 doser, 1 stk", "quantity_info": [[1.0, "mgdose"], [150.0, "doser"], [1.0, "stk"]], "image_url": "/media/uploads/public/320/115/967715-88f35-product_list.jpg", "unit_price_raw": "kr 298,70 per stk", "product_url": "https://kolonial.no/produkter/15627-nicorette-nicorette-munnspray-mint-1mgdose-150-dos/", "kolonial_id": "15627"},
  {"category": "Kluter, svamper og hansker", "category_list": ["Alle varer", "T\u00f8rkepapir og vaskemidler", "Kluter, svamper og hansker"], "title": "Mikrofiberklut Baderom", "price": 40.8, "product_variant": "1 stk", "quantity_info": [[1.0, "stk"]], "image_url": "/media/uploads/public/183/153/968553-72fdd-product_list.jpg", "unit_price_raw": "kr 40,80 per stk", "product_url": "https://kolonial.no/produkter/16275-soft-style-mikrofiberklut-baderom/", "kolonial_id": "16275"},
  {"category": "Shampo og h\u00e5rprodukter", "category_list": ["Alle varer", "Shampo, s\u00e5pe og krem", "Shampo og h\u00e5rprodukter"], "title": "Extraordinary Clay Shampo", "price": 42.2, "product_variant": "ElVital, 250 ml", "quantity_info": [[250.0, "ml"]], "image_url": "/media/uploads/public/180/66/971266-40a16-product_list.jpg", "unit_price_raw": "kr 168,80 per l", "product_url": "https://kolonial.no/produkter/23385-elvital-extraordinary-clay-shampo-elvital/", "kolonial_id": "23385"},
  {"category": "Krem", "category_list": ["Alle varer", "Shampo, s\u00e5pe og krem", "Krem"], "title": "Nivea Soft Cream", "price": 43.8, "product_variant": "200 ml", "quantity_info": [[200.0, "ml"]], "image_url": "/media/uploads/public/355/390/973990-80e91-product_list.jpg", "unit_price_raw": "kr 219,00 per l", "product_url": "https://kolonial.no/produkter/7564-nivea-nivea-soft-cream-200ml/", "kolonial_id": "7564"},
  {"category": "Krem", "category_list": ["Alle varer", "Shampo, s\u00e5pe og krem", "Krem"], "title": "Kl\u00f8ver Vaseline", "price": 34.1, "product_variant": "40 g", "quantity_info": [[40.0, "g"]], "image_url": "/media/uploads/public/58/58/964858-21045-product_list.jpg", "unit_price_raw": "kr 852,50 per kg", "product_url": "https://kolonial.no/produkter/416-klover-klover-vaseline-40g/", "kolonial_id": "416"},
  {"category": "Gulost", "category_list": ["Alle varer", "Oster", "Gulost"], "title": "Norvegia Skiver", "price": 25.9, "product_variant": "150 g", "quantity_info": [[150.0, "g"]], "image_url": "/media/uploads/public/181/110/966510-40c38-product_list.jpg", "unit_price_raw": "kr 172,67 per kg", "product_url": "https://kolonial.no/produkter/12256-tine-norvegia-skiver-150g/", "kolonial_id": "12256"},
  {"category": "Oppvask", "category_list": ["Alle varer", "T\u00f8rkepapir og vaskemidler", "Oppvask"], "title": "Neutral H\u00e5ndoppvask", "price": 29.8, "product_variant": "0,5 l", "quantity_info": [[0.5, "l"]], "image_url": "/media/uploads/public/51/123/262523-2d9a7-product_list.jpg", "unit_price_raw": "kr 59,60 per l", "product_url": "https://kolonial.no/produkter/25515-neutral-neutral-handoppvask/", "kolonial_id": "25515"},
  {"category": "Fiskekaker", "category_list": ["Alle varer", "Fisk og sj\u00f8mat", "Fiskekaker"], "title": "Torskeburger", "price": 52.4, "product_variant": "62% Fisk, 400 g", "quantity_info": [[62.0, "Fisk"], [400.0, "g"]], "image_url": "/media/uploads/public/110/121/296121-e9208-product_list.jpg", "unit_price_raw": "kr 131,00 per kg", "product_url": "https://kolonial.no/produkter/25252-godehav-torskeburger/", "kolonial_id": "25252"},
  {"category": "Fryst pizza", "category_list": ["Alle varer", "Pizza og taco", "Fryst pizza"], "title": "Grandiosa Nybakt Salami", "price": 54.0, "product_variant": "355 g", "quantity_info": [[355.0, "g"]], "image_url": "/media/uploads/public/193/141/973341-92ee9-product_list.jpg", "unit_price_raw": "kr 152,11 per kg", "product_url": "https://kolonial.no/produkter/27300-grandiosa-grandiosa-nybakt-salami/", "kolonial_id": "27300"},
  {"category": "Fryst pizza", "category_list": ["Alle varer", "Pizza og taco", "Fryst pizza"], "title": "Grandiosa Nybakt med Skinke", "price": 65.9, "product_variant": "515 g", "quantity_info": [[515.0, "g"]], "image_url": "/media/uploads/public/168/58/368058-6ea8c-product_list.jpg", "unit_price_raw": "kr 127,96 per kg", "product_url": "https://kolonial.no/produkter/25738-grandiosa-grandiosa-nybakt-med-skinke/", "kolonial_id": "25738"},
  {"category": "Tannpleie", "category_list": ["Alle varer", "Hygieneartikler", "Tannpleie"], "title": "Fluorskyll Jordb\u00e6rsmak", "price": 74.5, "product_variant": "500 ml", "quantity_info": [[500.0, "ml"]], "image_url": "/media/uploads/public/228/134/296134-9b9da-product_list.jpg", "unit_price_raw": "kr 149,00 per l", "product_url": "https://kolonial.no/produkter/24983-denta-kids-fluorskyll-jordbaersmak/", "kolonial_id": "24983"},
  {"category": "Vaskemidler", "category_list": ["Alle varer", "T\u00f8rkepapir og vaskemidler", "Vaskemidler"], "title": "Jif Universal", "price": 20.8, "product_variant": "Refill, 500 ml", "quantity_info": [[500.0, "ml"]], "image_url": "/media/uploads/public/184/33/964833-59e73-product_list.jpg", "unit_price_raw": "kr 41,60 per l", "product_url": "https://kolonial.no/produkter/1558-jif-jif-universal-refill-500ml/", "kolonial_id": "1558"},
  {"category": "Frossen fisk og sj\u00f8mat", "category_list": ["Alle varer", "Fisk og sj\u00f8mat", "Frossen fisk og sj\u00f8mat"], "title": "Spr\u00f8bakte Fiskefileter", "price": 41.1, "product_variant": "500 g", "quantity_info": [[500.0, "g"]], "image_url": "/media/uploads/public/364/113/188113-4dcb4-product_list.jpg", "unit_price_raw": "kr 82,20 per kg", "product_url": "https://kolonial.no/produkter/25352-findus-sprobakte-fiskefileter/", "kolonial_id": "25352"},
  {"category": "Revet ost", "category_list": ["Alle varer", "Oster", "Revet ost"], "title": "Apetina Mozzarella", "price": 31.9, "product_variant": "Revet, 220 g", "quantity_info": [[220.0, "g"]], "image_url": "/media/uploads/public/370/145/966545-bb560-product_list.jpg", "unit_price_raw": "kr 145,00 per kg", "product_url": "https://kolonial.no/produkter/4879-arla-mozzarella-finello-revet/", "kolonial_id": "4879"},
  {"category": "Baketilbeh\u00f8r", "category_list": ["Alle varer", "Mel og bakeingredienser", "Baketilbeh\u00f8r"], "title": "Vaniljesukker", "price": 26.5, "product_variant": "175 g", "quantity_info": [[175.0, "g"]], "image_url": "/media/uploads/public/265/245/964645-c3b2c-product_list.jpg", "unit_price_raw": "kr 151,43 per kg", "product_url": "https://kolonial.no/produkter/217-freia-vaniljesukker-175g/", "kolonial_id": "217"},
  {"category": "Ferske br\u00f8d", "category_list": ["Alle varer", "Br\u00f8d og frokostblandinger", "Ferske br\u00f8d"], "title": "Ekstra Grovt Br\u00f8d", "price": 40.9, "product_variant": "Oppsk\u00e5ret, 770 g", "quantity_info": [[770.0, "g"]], "image_url": "/media/uploads/public/373/270/665070-f1a25-product_list.jpg", "unit_price_raw": "kr 53,12 per kg", "product_url": "https://kolonial.no/produkter/27239-brodverket-ekstra-grovt-brod-skaret/", "kolonial_id": "27239"},
  {"category": "Hermetisert sj\u00f8mat", "category_list": ["Alle varer", "Fisk og sj\u00f8mat", "Hermetisert sj\u00f8mat"], "title": "Fiskeboller", "price": 30.9, "product_variant": "550 g", "quantity_info": [[550.0, "g"]], "image_url": "/media/uploads/public/14/126/970126-5c2a9-product_list.jpg", "unit_price_raw": "kr 56,18 per kg", "product_url": "https://kolonial.no/produkter/20890-vesteralen-fiskeboller/", "kolonial_id": "20890"},
  {"category": "Hermetisert sj\u00f8mat", "category_list": ["Alle varer", "Fisk og sj\u00f8mat", "Hermetisert sj\u00f8mat"], "title": "Gaffelbiter i Dill", "price": 16.5, "product_variant": "50 g", "quantity_info": [[50.0, "g"]], "image_url": "/media/uploads/public/82/121/970521-eee6f-product_list.jpg", "unit_price_raw": "kr 330,00 per kg", "product_url": "https://kolonial.no/produkter/21769-king-oscar-gaffelbiter-i-dill/", "kolonial_id": "21769"},
  {"category": "Klesvask", "category_list": ["Alle varer", "T\u00f8rkepapir og vaskemidler", "Klesvask"], "title": "Blenda Sensitive Hvitt", "price": 50.5, "product_variant": "1,04 kg", "quantity_info": [[1.04, "kg"]], "image_url": "/media/uploads/public/268/396/155196-e8465-product_list.jpg", "unit_price_raw": "kr 48,56 per kg", "product_url": "https://kolonial.no/produkter/24990-blenda-blenda-sensitive-hvitt/", "kolonial_id": "24990"},
  {"category": "Fersk fisk", "category_list": ["Alle varer", "Fisk og sj\u00f8mat", "Fersk fisk"], "title": "Seifilet uten Skinn", "price": 59.9, "product_variant": "Domstein, \n                            \n\n                            Fersk villfisk, ca. 400 g", "quantity_info": [[400.0, "g"]], "image_url": "/media/uploads/public/269/350/152750-9d693-product_list_large.jpg", "unit_price_raw": "kr 149,75 per kg", "product_url": "https://kolonial.no/produkter/24886-domstein-seifilet-uten-skinn-fersk-villfisk/", "kolonial_id": "24886"},
  {"category": "Oljer og dressinger", "category_list": ["Alle varer", "Olje og krydder", "Oljer og dressinger"], "title": "Frityrolje", "price": 39.8, "product_variant": "2 l", "quantity_info": [[2.0, "l"]], "image_url": "/media/uploads/public/51/157/966157-3bc2d-product_list.jpg", "unit_price_raw": "kr 19,90 per l", "product_url": "https://kolonial.no/produkter/8710-rema-1000-frityrolje-2l/", "kolonial_id": "8710"},
  {"category": "Ferdigmikser", "category_list": ["Alle varer", "Mel og bakeingredienser", "Ferdigmikser"], "title": "Hveteboller", "price": 36.8, "product_variant": "600 g", "quantity_info": [[600.0, "g"]], "image_url": "/media/uploads/public/386/293/967893-8f9aa-product_list.jpg", "unit_price_raw": "kr 61,33 per kg", "product_url": "https://kolonial.no/produkter/11485-toro-hveteboller-600g/", "kolonial_id": "11485"},
  {"category": "Storfe", "category_list": ["Alle varer", "Kj\u00f8tt og kylling", "Storfe"], "title": "Storfe Biffstrimler", "price": 62.9, "product_variant": "300 g", "quantity_info": [[300.0, "g"]], "image_url": "/media/uploads/public/286/58/373258-14898-product_list.jpg", "unit_price_raw": "kr 209,67 per kg", "product_url": "https://kolonial.no/produkter/25991-storfe-biffstrimler/", "kolonial_id": "25991"},
  {"category": "Storfe", "category_list": ["Alle varer", "Kj\u00f8tt og kylling", "Storfe"], "title": "Indrefilet av Storfe i Skiver", "price": 77.4, "product_variant": "Prima, ca. 200 g", "quantity_info": [[200.0, "g"]], "image_url": "/media/uploads/public/218/9/998809-d0a48-product_list.jpg", "unit_price_raw": "kr 387,00 per kg", "product_url": "https://kolonial.no/produkter/25939-rema-1000-indrefilet-av-storfe-i-skiver-prima/", "kolonial_id": "25939"},
  {"category": "P\u00f8lsebr\u00f8d, hamburgerbr\u00f8d og boller", "category_list": ["Alle varer", "Br\u00f8d og frokostblandinger", "P\u00f8lsebr\u00f8d, hamburgerbr\u00f8d og boller"], "title": "Havrelomper Store", "price": 24.5, "product_variant": "8 stk, 280 g", "quantity_info": [[8.0, "stk"], [280.0, "g"]], "image_url": "/media/uploads/public/275/58/158058-4d440-product_list.jpg", "unit_price_raw": "kr 87,50 per kg", "product_url": "https://kolonial.no/produkter/25225-havrelomper-store-8-stk/", "kolonial_id": "25225"},
  {"category": "P\u00f8lsebr\u00f8d, hamburgerbr\u00f8d og boller", "category_list": ["Alle varer", "Br\u00f8d og frokostblandinger", "P\u00f8lsebr\u00f8d, hamburgerbr\u00f8d og boller"], "title": "Glutenfrie P\u00f8lsebr\u00f8d", "price": 53.5, "product_variant": "260 g", "quantity_info": [[260.0, "g"]], "image_url": "/media/uploads/public/254/329/524729-6c3b8-product_list.jpg", "unit_price_raw": "kr 205,77 per kg", "product_url": "https://kolonial.no/produkter/26365-hatting-glutenfrie-polsebrod/", "kolonial_id": "26365"},
  {"category": "Frokostblandinger og gryn", "category_list": ["Alle varer", "Br\u00f8d og frokostblandinger", "Frokostblandinger og gryn"], "title": "Havrefras", "price": 39.5, "product_variant": "450 g", "quantity_info": [[450.0, "g"]], "image_url": "/media/uploads/public/73/112/971712-cc93c-product_list.jpg", "unit_price_raw": "kr 87,78 per kg", "product_url": "https://kolonial.no/produkter/123-quaker-havrefras-375g/", "kolonial_id": "123"},
  {"category": "Bursdag", "category_list": ["Alle varer", "Barneprodukter", "Bursdag"], "title": "Klistremerker Prinsesse", "price": 103.9, "product_variant": "21 Runde og 25 Vimpler, 1 pk", "quantity_info": [[21.0, "Rundeog"], [25.0, "Vimpler"], [1.0, "pk"]], "image_url": "/media/uploads/public/172/8/130408-67349-product_list.jpg", "unit_price_raw": "kr 103,90 per pk", "product_url": "https://kolonial.no/produkter/23554-festligeting-klistremerker-prinsesse-21-runde-og-2/", "kolonial_id": "23554"},
  {"category": "Frosne br\u00f8d og rundstykker", "category_list": ["Alle varer", "Br\u00f8d og frokostblandinger", "Frosne br\u00f8d og rundstykker"], "title": "Rundstykker Hirse", "price": 39.0, "product_variant": "\u00d8kologisk, 8x70g, 560 g", "quantity_info": [[8.0, "x"], [70.0, "g"], [560.0, "g"]], "image_url": "/media/uploads/public/151/399/454399-2f7d6-product_list.jpg", "unit_price_raw": "kr 69,64 per kg", "product_url": "https://kolonial.no/produkter/26223-kolonihagen-rundstykker-hirse-okologisk-8x70g/", "kolonial_id": "26223"},
  {"category": "Frosne br\u00f8d og rundstykker", "category_list": ["Alle varer", "Br\u00f8d og frokostblandinger", "Frosne br\u00f8d og rundstykker"], "title": "Rundstykker Rug", "price": 39.0, "product_variant": "\u00d8kologisk, 8x70g, 560 g", "quantity_info": [[8.0, "x"], [70.0, "g"], [560.0, "g"]], "image_url": "/media/uploads/public/35/0/454400-de4ec-product_list.jpg", "unit_price_raw": "kr 69,64 per kg", "product_url": "https://kolonial.no/produkter/26224-kolonihagen-rundstykker-rug-okologisk-8x70g/", "kolonial_id": "26224"},
  {"category": "Smokker og t\u00e5teflasker", "category_list": ["Alle varer", "Barneprodukter", "Smokker og t\u00e5teflasker"], "title": "Smokk Night", "price": 87.5, "product_variant": "Assortert variant, Fra 6 mnd, 2 stk", "quantity_info": [[6.0, "mnd"], [2.0, "stk"]], "image_url": "/media/uploads/public/23/1/973601-e969a-product_list.jpg", "unit_price_raw": "kr 43,75 per stk", "product_url": "https://kolonial.no/produkter/23886-mam-smokk-night-assortert-variant-fra-6-mnd/", "kolonial_id": "23886"},
  {"category": "Supper", "category_list": ["Alle varer", "Middager og tilbeh\u00f8r", "Supper"], "title": "Meksikansk tomatsuppe", "price": 23.6, "product_variant": "100 g", "quantity_info": [[100.0, "g"]], "image_url": "/media/uploads/public/63/106/967306-58b50-product_list.jpg", "unit_price_raw": "kr 236,00 per kg", "product_url": "https://kolonial.no/produkter/717-toro-meksikansk-tomatsuppe/", "kolonial_id": "717"},
  {"category": "Knekkebr\u00f8d", "category_list": ["Alle varer", "Br\u00f8d og frokostblandinger", "Knekkebr\u00f8d"], "title": "Ryvita Rug", "price": 28.9, "product_variant": "Knekkebr\u00f8d, 400 g", "quantity_info": [[400.0, "g"]], "image_url": "/media/uploads/public/365/297/964297-cb900-product_list.jpg", "unit_price_raw": "kr 72,25 per kg", "product_url": "https://kolonial.no/produkter/7732-ryvita-ryvita-rug-knekkebrod/", "kolonial_id": "7732"},
  {"category": "Knekkebr\u00f8d", "category_list": ["Alle varer", "Br\u00f8d og frokostblandinger", "Knekkebr\u00f8d"], "title": "Rugspr\u00f8 Original", "price": 10.2, "product_variant": "200 g", "quantity_info": [[200.0, "g"]], "image_url": "/media/uploads/public/343/208/972608-fa7fd-product_list.jpg", "unit_price_raw": "kr 51,00 per kg", "product_url": "https://kolonial.no/produkter/65-wasa-rugspro-original-200g/", "kolonial_id": "65"},
  {"category": "Langtidsholdbare br\u00f8d", "category_list": ["Alle varer", "Br\u00f8d og frokostblandinger", "Langtidsholdbare br\u00f8d"], "title": "Lingongrova", "price": 39.4, "product_variant": "500 g", "quantity_info": [[500.0, "g"]], "image_url": "/media/uploads/public/144/232/968232-e8f76-product_list.jpg", "unit_price_raw": "kr 78,80 per kg", "product_url": "https://kolonial.no/produkter/14572-pagen-lingongrova-500g/", "kolonial_id": "14572"},
  {"category": "V\u00e5tservietter og s\u00e5pe", "category_list": ["Alle varer", "Barneprodukter", "V\u00e5tservietter og s\u00e5pe"], "title": "Sinksalve", "price": 28.2, "product_variant": "100 ml", "quantity_info": [[100.0, "ml"]], "image_url": "/media/uploads/public/246/72/969272-b7e7f-product_list.jpg", "unit_price_raw": "kr 282,00 per l", "product_url": "https://kolonial.no/produkter/17974-rema-1000-sinksalve/", "kolonial_id": "17974"},
  {"category": "Pasta og nudler", "category_list": ["Alle varer", "Middager og tilbeh\u00f8r", "Pasta og nudler"], "title": "Spaghetti Rik P\u00e5 Fiber", "price": 29.1, "product_variant": "500 g", "quantity_info": [[500.0, "g"]], "image_url": "/media/uploads/public/19/306/186306-3a177-product_list.jpg", "unit_price_raw": "kr 58,20 per kg", "product_url": "https://kolonial.no/produkter/5959-sopps-spaghetti-rik-pa-fiber-500g/", "kolonial_id": "5959"},
  {"category": "Batterier", "category_list": ["Alle varer", "Husholdning og tekstil", "Batterier"], "title": "Batteri MN21 A23", "price": 45.2, "product_variant": "2 stk", "quantity_info": [[2.0, "stk"]], "image_url": "/media/uploads/public/147/78/188078-bcf4b-product_list.jpg", "unit_price_raw": "kr 22,60 per stk", "product_url": "https://kolonial.no/produkter/25214-duracell-batteri-mn21-a23/", "kolonial_id": "25214"},
  {"category": "Batterier", "category_list": ["Alle varer", "Husholdning og tekstil", "Batterier"], "title": "Batteri 2016 3V Lithium", "price": 47.3, "product_variant": "2 stk", "quantity_info": [[2.0, "stk"]], "image_url": "/media/uploads/public/343/63/296063-58641-product_list.jpg", "unit_price_raw": "kr 23,65 per stk", "product_url": "https://kolonial.no/produkter/25403-duracell-batteri-2016-3v-lithium/", "kolonial_id": "25403"},
  {"category": "Hamburgere", "category_list": ["Alle varer", "Kj\u00f8tt og kylling", "Hamburgere"], "title": "Hamburger R\u00e5", "price": 81.8, "product_variant": "1 kg", "quantity_info": [[1.0, "kg"]], "image_url": "/media/uploads/public/282/247/445447-8fb4c-product_list.jpg", "unit_price_raw": "kr 81,80 per kg", "product_url": "https://kolonial.no/produkter/4312-nordfjord-hamburger-ra-1kg/", "kolonial_id": "4312"},
  {"category": "Hermetisert frukt og gr\u00f8nt", "category_list": ["Alle varer", "Frukt og gr\u00f8nt", "Hermetisert frukt og gr\u00f8nt"], "title": "Minimais", "price": 13.8, "product_variant": "410 g", "quantity_info": [[410.0, "g"]], "image_url": "/media/uploads/public/235/141/966141-c7502-product_list.jpg", "unit_price_raw": "kr 33,66 per kg", "product_url": "https://kolonial.no/produkter/8638-rema-1000-minimais-410g/", "kolonial_id": "8638"},
  {"category": "Diverse husholdning", "category_list": ["Alle varer", "Husholdning og tekstil", "Diverse husholdning"], "title": "Bomullshyssing", "price": 23.5, "product_variant": "80 g", "quantity_info": [[80.0, "g"]], "image_url": "/media/uploads/public/230/282/973882-ebc03-product_list.jpg", "unit_price_raw": "kr 293,75 per kg", "product_url": "https://kolonial.no/produkter/11647-bomullshyssing-100-gram/", "kolonial_id": "11647"},
  {"category": "Kj\u00f8ttdeig og karbonadedeig", "category_list": ["Alle varer", "Kj\u00f8tt og kylling", "Kj\u00f8ttdeig og karbonadedeig"], "title": "Kj\u00f8ttfarse Snabb Frys", "price": 37.9, "product_variant": "500 g", "quantity_info": [[500.0, "g"]], "image_url": "https://kolonial.no/static/products/img/placeholder.bffcea8d3530.png", "unit_price_raw": "kr 75,80 per kg", "product_url": "https://kolonial.no/produkter/26014-nordfjord-kjottfarse-snabb-frys/", "kolonial_id": "26014"},
  {"category": "Kj\u00f8ttdeig og karbonadedeig", "category_list": ["Alle varer", "Kj\u00f8tt og kylling", "Kj\u00f8ttdeig og karbonadedeig"], "title": "Medisterfarse Snabb Frys", "price": 37.9, "product_variant": "500 g", "quantity_info": [[500.0, "g"]], "image_url": "https://kolonial.no/static/products/img/placeholder.bffcea8d3530.png", "unit_price_raw": "kr 75,80 per kg", "product_url": "https://kolonial.no/produkter/26013-nordfjord-medisterfarse-snabb-frys/", "kolonial_id": "26013"},
  {"category": "Ferdige middagsretter", "category_list": ["Alle varer", "Middager og tilbeh\u00f8r", "Ferdige middagsretter"], "title": "Bali Kyllinggryte Velbekomme", "price": 60.1, "product_variant": "400 g", "quantity_info": [[400.0, "g"]], "image_url": "/media/uploads/public/399/313/966713-1b7ce-product_list.jpg", "unit_price_raw": "kr 150,25 per kg", "product_url": "https://kolonial.no/produkter/4570-toro-bali-kyllinggryte-velbekomme-400g/", "kolonial_id": "4570"},
  {"category": "Ferdigsauser", "category_list": ["Alle varer", "Middager og tilbeh\u00f8r", "Ferdigsauser"], "title": "Eriks Aioli Med Lime", "price": 34.0, "product_variant": "230 ml", "quantity_info": [[230.0, "ml"]], "image_url": "/media/uploads/public/0/110/13310-62f86-product_list.jpg", "unit_price_raw": "kr 147,83 per l", "product_url": "https://kolonial.no/produkter/9887-eriks-eriks-aioli-med-lime-230ml/", "kolonial_id": "9887"},
  {"category": "P\u00f8lser", "category_list": ["Alle varer", "Kj\u00f8tt og kylling", "P\u00f8lser"], "title": "Wienerp\u00f8lser", "price": 96.5, "product_variant": "20 stk, 1,1 kg", "quantity_info": [[20.0, "stk"], [1.1, "kg"]], "image_url": "/media/uploads/public/1/164/1002964-5d0df-product_list.jpg", "unit_price_raw": "kr 87,73 per kg", "product_url": "https://kolonial.no/produkter/11497-leiv-vidar-wienerpolser-20-stk/", "kolonial_id": "11497"},
  {"category": "Kontor", "category_list": ["Alle varer", "Husholdning og tekstil", "Kontor"], "title": "Post-it Blokk", "price": 26.2, "product_variant": "76x127 mm, 1 stk", "quantity_info": [[76.0, "x"], [127.0, "mm"], [1.0, "stk"]], "image_url": "/media/uploads/public/0/280/45880-2e86f-product_list.jpg", "unit_price_raw": "kr 26,20 per stk", "product_url": "https://kolonial.no/produkter/14770-post-it-blokk-76x127-mm/", "kolonial_id": "14770"},
  {"category": "Fr\u00f8, n\u00f8tter og t\u00f8rket frukt", "category_list": ["Alle varer", "Frukt og gr\u00f8nt", "Fr\u00f8, n\u00f8tter og t\u00f8rket frukt"], "title": "Rosiner", "price": 42.1, "product_variant": "500 g", "quantity_info": [[500.0, "g"]], "image_url": "/media/uploads/public/141/375/968375-92c3b-product_list.jpg", "unit_price_raw": "kr 84,20 per kg", "product_url": "https://kolonial.no/produkter/16-sun-maid-rosiner/", "kolonial_id": "16"},
  {"category": "Kj\u00f8ttboller og karbonader", "category_list": ["Alle varer", "Kj\u00f8tt og kylling", "Kj\u00f8ttboller og karbonader"], "title": "Blodp\u00f8lse Snabb", "price": 49.0, "product_variant": "500 g", "quantity_info": [[500.0, "g"]], "image_url": "/media/uploads/public/234/241/969441-8b416-product_list.jpg", "unit_price_raw": "kr 98,00 per kg", "product_url": "https://kolonial.no/produkter/18241-nordfjord-blodpolse-snabb/", "kolonial_id": "18241"},
  {"category": "Kj\u00f8kkenredskap", "category_list": ["Alle varer", "Husholdning og tekstil", "Kj\u00f8kkenredskap"], "title": "Eggdeler Skiver og B\u00e5ter", "price": 35.3, "product_variant": "1 stk", "quantity_info": [[1.0, "stk"]], "image_url": "/media/uploads/public/0/283/23083-54b4b-product_list.jpg", "unit_price_raw": "kr 35,30 per stk", "product_url": "https://kolonial.no/produkter/10160-eggdeler-skiver-og-bater/", "kolonial_id": "10160"},
  {"category": "Engangs og Servietter", "category_list": ["Alle varer", "Husholdning og tekstil", "Engangs og Servietter"], "title": "Kaffebeger", "price": 39.6, "product_variant": "350ml, 25 stk", "quantity_info": [[350.0, "ml"], [25.0, "stk"]], "image_url": "/media/uploads/public/0/256/21856-82ceb-product_list.jpg", "unit_price_raw": "kr 1,58 per stk", "product_url": "https://kolonial.no/produkter/10502-kaffebeger-350ml-25-stk/", "kolonial_id": "10502"},
  {"category": "Engangs og Servietter", "category_list": ["Alle varer", "Husholdning og tekstil", "Engangs og Servietter"], "title": "Pappbeger Party", "price": 35.9, "product_variant": "25cl, 12 stk", "quantity_info": [[25.0, "cl"], [12.0, "stk"]], "image_url": "/media/uploads/public/323/69/972469-a8cb3-product_list.jpg", "unit_price_raw": "kr 2,99 per stk", "product_url": "https://kolonial.no/produkter/26133-soft-style-pappbeger-party-25cl/", "kolonial_id": "26133"},
  {"category": "Salater og k\u00e5l", "category_list": ["Alle varer", "Frukt og gr\u00f8nt", "Salater og k\u00e5l"], "title": "Romano Grovkuttet", "price": 50.9, "product_variant": "Vasket,Italia, 500 g", "quantity_info": [[500.0, "g"]], "image_url": "/media/uploads/public/0/281/76681-23321-product_list.jpg", "unit_price_raw": "kr 101,80 per kg", "product_url": "https://kolonial.no/produkter/19015-romano-grovkuttet-italia/", "kolonial_id": "19015"},
  {"category": "Frukt", "category_list": ["Alle varer", "Frukt og gr\u00f8nt", "Frukt"], "title": "Gul Kiwi", "price": 20.9, "product_variant": "New Zealand, 4 stk", "quantity_info": [[4.0, "stk"]], "image_url": "/media/uploads/public/0/150/109750-ae61d-product_list.jpg", "unit_price_raw": "kr 61,47 per kg", "product_url": "https://kolonial.no/produkter/22819-gul-kiwi-new-zealand/", "kolonial_id": "22819"},
  {"category": "Frossen frukt og gr\u00f8nt", "category_list": ["Alle varer", "Frukt og gr\u00f8nt", "Frossen frukt og gr\u00f8nt"], "title": "Indisk-inspirert Wok", "price": 29.1, "product_variant": "500 g", "quantity_info": [[500.0, "g"]], "image_url": "/media/uploads/public/239/4/970804-61a11-product_list.jpg", "unit_price_raw": "kr 58,20 per kg", "product_url": "https://kolonial.no/produkter/22843-rema-1000-indisk-inspirert-wok/", "kolonial_id": "22843"},
  {"category": "Middags-kit og gryteretter", "category_list": ["Alle varer", "Middager og tilbeh\u00f8r", "Middags-kit og gryteretter"], "title": "Jegergryte", "price": 29.0, "product_variant": "107 g", "quantity_info": [[107.0, "g"]], "image_url": "/media/uploads/public/301/278/965478-293ab-product_list.jpg", "unit_price_raw": "kr 271,03 per kg", "product_url": "https://kolonial.no/produkter/705-toro-jegergryte/", "kolonial_id": "705"},
  {"category": "Middags-kit og gryteretter", "category_list": ["Alle varer", "Middager og tilbeh\u00f8r", "Middags-kit og gryteretter"], "title": "Meksikansk Gryte", "price": 18.6, "product_variant": "285 g", "quantity_info": [[285.0, "g"]], "image_url": "/media/uploads/public/169/198/965398-56f9b-product_list.jpg", "unit_price_raw": "kr 65,26 per kg", "product_url": "https://kolonial.no/produkter/10736-toro-meksikansk-gryte-285g/", "kolonial_id": "10736"},
  {"category": "Ris og gryn", "category_list": ["Alle varer", "Middager og tilbeh\u00f8r", "Ris og gryn"], "title": "Risotto", "price": 62.8, "product_variant": "Tomat og Basilikum, 250 g", "quantity_info": [[250.0, "g"]], "image_url": "/media/uploads/public/0/43/2443-6a2e6-product_list.jpg", "unit_price_raw": "kr 251,20 per kg", "product_url": "https://kolonial.no/produkter/2161-superbra-risotto-tomat-og-basilikum-250g/", "kolonial_id": "2161"},
  {"category": "Posesauser", "category_list": ["Alle varer", "Middager og tilbeh\u00f8r", "Posesauser"], "title": "Lofoten fiskesaus", "price": 23.1, "product_variant": "40 g", "quantity_info": [[40.0, "g"]], "image_url": "/media/uploads/public/232/261/967461-1ab58-product_list.jpg", "unit_price_raw": "kr 577,50 per kg", "product_url": "https://kolonial.no/produkter/755-toro-lofoten-fiskesaus/", "kolonial_id": "755"},
  {"category": "Middagstilbeh\u00f8r", "category_list": ["Alle varer", "Middager og tilbeh\u00f8r", "Middagstilbeh\u00f8r"], "title": "Krutonger", "price": 12.5, "product_variant": "Med Solsikkefr\u00f8, 25 g", "quantity_info": [[25.0, "g"]], "image_url": "/media/uploads/public/346/290/965890-886d5-product_list.jpg", "unit_price_raw": "kr 500,00 per kg", "product_url": "https://kolonial.no/produkter/13966-knorr-krutonger-med-solsikkefro-25g/", "kolonial_id": "13966"},
  {"category": "Middagstilbeh\u00f8r", "category_list": ["Alle varer", "Middager og tilbeh\u00f8r", "Middagstilbeh\u00f8r"], "title": "Krutonger Caesar", "price": 32.9, "product_variant": "142 g", "quantity_info": [[142.0, "g"]], "image_url": "/media/uploads/public/131/316/151916-947e6-product_list.jpg", "unit_price_raw": "kr 231,69 per kg", "product_url": "https://kolonial.no/produkter/24843-chatham-village-krutonger-caesar/", "kolonial_id": "24843"},
  {"category": "Lys", "category_list": ["Alle varer", "Husholdning og tekstil", "Lys"], "title": "EcoHalo 28w G9 Klar", "price": 69.9, "product_variant": "2 stk", "quantity_info": [[2.0, "stk"]], "image_url": "/media/uploads/public/0/225/23425-c7600-product_list.jpg", "unit_price_raw": "kr 34,95 per stk", "product_url": "https://kolonial.no/produkter/11908-philips-ecohalo-28w-g9-klar-2-stk/", "kolonial_id": "11908"},
  {"category": "Lys", "category_list": ["Alle varer", "Husholdning og tekstil", "Lys"], "title": "EcoHalo 18w G9 Klar", "price": 69.9, "product_variant": "2 stk, 1 stk", "quantity_info": [[2.0, "stk"], [1.0, "stk"]], "image_url": "/media/uploads/public/0/130/45730-706c1-product_list.jpg", "unit_price_raw": "kr 69,90 per stk", "product_url": "https://kolonial.no/produkter/11911-philips-ecohalo-18w-g9-klar-2-stk/", "kolonial_id": "11911"},
  {"category": "Kylling, kalkun og and", "category_list": ["Alle varer", "Kj\u00f8tt og kylling", "Kylling, kalkun og and"], "title": "Andebryst", "price": 134.4, "product_variant": "ca. 345 g", "quantity_info": [[345.0, "g"]], "image_url": "/media/uploads/public/50/156/710956-af9b8-product_list.jpg", "unit_price_raw": "kr 389,57 per kg", "product_url": "https://kolonial.no/produkter/18151-stanges-gardsprodukter-stange-andebryst/", "kolonial_id": "18151"},
  {"category": "Kylling, kalkun og and", "category_list": ["Alle varer", "Kj\u00f8tt og kylling", "Kylling, kalkun og and"], "title": "Confit Av Kylling", "price": 152.9, "product_variant": "ca. 700 g", "quantity_info": [[700.0, "g"]], "image_url": "/media/uploads/public/313/343/971943-158cf-product_list.jpg", "unit_price_raw": "kr 218,43 per kg", "product_url": "https://kolonial.no/produkter/23265-stanges-gardsprodukter-confit-av-kylling/", "kolonial_id": "23265"},
  {"category": "Bacon og tilbeh\u00f8r", "category_list": ["Alle varer", "Kj\u00f8tt og kylling", "Bacon og tilbeh\u00f8r"], "title": "Bacon Topping", "price": 20.0, "product_variant": "80 g", "quantity_info": [[80.0, "g"]], "image_url": "/media/uploads/public/32/297/188297-58458-product_list.jpg", "unit_price_raw": "kr 250,00 per kg", "product_url": "https://kolonial.no/produkter/24967-rema-1000-bacon-topping/", "kolonial_id": "24967"},
  {"category": "Morsmelkerstatning", "category_list": ["Alle varer", "Barneprodukter", "Morsmelkerstatning"], "title": "Combiotik Drikkeklar 3", "price": 22.2, "product_variant": "Fra 12 mnd, 250 ml", "quantity_info": [[12.0, "mnd"], [250.0, "ml"]], "image_url": "/media/uploads/public/378/29/369229-4f771-product_list.jpg", "unit_price_raw": "kr 88,80 per l", "product_url": "https://kolonial.no/produkter/25807-hipp-combiotik-drikkeklar-3-fra-12-mnd/", "kolonial_id": "25807"},
  {"category": "Smoothie, yoghurt og mellomm\u00e5ltid", "category_list": ["Alle varer", "Barneprodukter", "Smoothie, yoghurt og mellomm\u00e5ltid"], "title": "Min Frukt Solfrukter", "price": 32.9, "product_variant": "400g, fra 6 mnd, 400 g", "quantity_info": [[400.0, "gfra"], [6.0, "mnd"], [400.0, "g"]], "image_url": "/media/uploads/public/120/362/965962-ce1a8-product_list.jpg", "unit_price_raw": "kr 82,25 per kg", "product_url": "https://kolonial.no/produkter/5575-nestle-min-frukt-solfrukter-400g-fra-6-mnd/", "kolonial_id": "5575"},
  {"category": "Middagsglass", "category_list": ["Alle varer", "Barneprodukter", "Middagsglass"], "title": "Couscous med Biff", "price": 18.4, "product_variant": "Fra 12 mnd, 195 g", "quantity_info": [[12.0, "mnd"], [195.0, "g"]], "image_url": "/media/uploads/public/44/58/966058-425c0-product_list.jpg", "unit_price_raw": "kr 94,36 per kg", "product_url": "https://kolonial.no/produkter/5515-nestle-couscous-med-biff-fra-12-mnd/", "kolonial_id": "5515"},
  {"category": "Julens middagstilbeh\u00f8r", "category_list": ["Alle varer", "Middager og tilbeh\u00f8r", "Julens middagstilbeh\u00f8r"], "title": "Sylteagurker", "price": 21.8, "product_variant": "530 g", "quantity_info": [[530.0, "g"]], "image_url": "/media/uploads/public/112/305/965105-c034b-product_list.jpg", "unit_price_raw": "kr 41,13 per kg", "product_url": "https://kolonial.no/produkter/8778-rema-1000-sylteagurker-530g/", "kolonial_id": "8778"},
  {"category": "Julens middagstilbeh\u00f8r", "category_list": ["Alle varer", "Middager og tilbeh\u00f8r", "Julens middagstilbeh\u00f8r"], "title": "R\u00f8dbeter", "price": 20.8, "product_variant": "530 g", "quantity_info": [[530.0, "g"]], "image_url": "/media/uploads/public/52/307/965107-691b1-product_list.jpg", "unit_price_raw": "kr 39,25 per kg", "product_url": "https://kolonial.no/produkter/8780-rema-1000-rodbeter-530g/", "kolonial_id": "8780"},
  {"category": "Poser og folie", "category_list": ["Alle varer", "Husholdning og tekstil", "Poser og folie"], "title": "Fryseposer", "price": 10.8, "product_variant": "2l, 50 stk", "quantity_info": [[2.0, "l"], [50.0, "stk"]], "image_url": "/media/uploads/public/185/251/966251-1904b-product_list.jpg", "unit_price_raw": "kr 0,22 per stk", "product_url": "https://kolonial.no/produkter/5224-soft-style-fryseposer-2l/", "kolonial_id": "5224"},
  {"category": "Rulletobakk", "category_list": ["Alle varer", "Snus og tobakk", "Rulletobakk"], "title": "Tiedemanns R\u00f8d Mix 2", "price": 258.9, "product_variant": "Rulletobakk, 50 g", "quantity_info": [[50.0, "g"]], "image_url": "https://kolonial.no/static/products/img/placeholder.bffcea8d3530.png", "unit_price_raw": "kr 5178,00 per kg", "product_url": "https://kolonial.no/produkter/15849-tiedemanns-tiedemanns-rod-mix-2-rulletobakk-50g/", "kolonial_id": "15849"},
  {"category": "Gr\u00f8t", "category_list": ["Alle varer", "Barneprodukter", "Gr\u00f8t"], "title": "Junior God Natt Fullkorn med Rug", "price": 71.5, "product_variant": "Fra 1-3 \u00e5r, 480 g", "quantity_info": [[1.0, ""], [3.0, "\u00e5r"], [480.0, "g"]], "image_url": "/media/uploads/public/322/393/972793-df9ee-product_list.jpg", "unit_price_raw": "kr 148,96 per kg", "product_url": "https://kolonial.no/produkter/23398-nestle-junior-god-natt-fullkorn-med-rug-fra-1-3-ar/", "kolonial_id": "23398"},
  {"category": "Honning og s\u00f8tp\u00e5legg", "category_list": ["Alle varer", "P\u00e5legg", "Honning og s\u00f8tp\u00e5legg"], "title": "Ekte Honning", "price": 69.7, "product_variant": "350 g", "quantity_info": [[350.0, "g"]], "image_url": "/media/uploads/public/217/272/969472-fdba3-product_list.jpg", "unit_price_raw": "kr 199,14 per kg", "product_url": "https://kolonial.no/produkter/661-honningsentralen-ekte-honning-450g/", "kolonial_id": "661"},
  {"category": "Honning og s\u00f8tp\u00e5legg", "category_list": ["Alle varer", "P\u00e5legg", "Honning og s\u00f8tp\u00e5legg"], "title": "Pean\u00f8ttsm\u00f8r Crunchy", "price": 52.4, "product_variant": "\u00d8kologisk, 340 g", "quantity_info": [[340.0, "g"]], "image_url": "/media/uploads/public/370/255/971855-7a693-product_list.jpg", "unit_price_raw": "kr 154,12 per kg", "product_url": "https://kolonial.no/produkter/24088-greenchoice-peanottsmor-crunchy-okologisk/", "kolonial_id": "24088"},
  {"category": "Snus", "category_list": ["Alle varer", "Snus og tobakk", "Snus"], "title": "Mocca No 2 Black S1", "price": 79.9, "product_variant": "Portion, 8 g", "quantity_info": [[8.0, "g"]], "image_url": "https://kolonial.no/static/products/img/placeholder.bffcea8d3530.png", "unit_price_raw": "kr 9987,50 per kg", "product_url": "https://kolonial.no/produkter/15858-mocca-no-2-black-s1-portion/", "kolonial_id": "15858"},
  {"category": "Sigaretter", "category_list": ["Alle varer", "Snus og tobakk", "Sigaretter"], "title": "Prince Green Plus", "price": 119.9, "product_variant": "20 stk", "quantity_info": [[20.0, "stk"]], "image_url": "https://kolonial.no/static/products/img/placeholder.bffcea8d3530.png", "unit_price_raw": "kr 6,00 per stk", "product_url": "https://kolonial.no/produkter/3970-prince-prince-green-plus/", "kolonial_id": "3970"},
  {"category": "Salatp\u00e5legg", "category_list": ["Alle varer", "P\u00e5legg", "Salatp\u00e5legg"], "title": "Italiensk Salat med Kj\u00f8tt", "price": 41.5, "product_variant": "320 g", "quantity_info": [[320.0, "g"]], "image_url": "/media/uploads/public/100/199/972199-9ffb9-product_list.jpg", "unit_price_raw": "kr 129,69 per kg", "product_url": "https://kolonial.no/produkter/23479-delikat-italiensk-salat-med-kjott/", "kolonial_id": "23479"},
  {"category": "Salatp\u00e5legg", "category_list": ["Alle varer", "P\u00e5legg", "Salatp\u00e5legg"], "title": "Frokostsalat", "price": 28.9, "product_variant": "185 g", "quantity_info": [[185.0, "g"]], "image_url": "/media/uploads/public/225/89/1004089-df3c7-product_list.jpg", "unit_price_raw": "kr 156,22 per kg", "product_url": "https://kolonial.no/produkter/17566-delikat-frokostsalat/", "kolonial_id": "17566"},
  {"category": "Leverpostei", "category_list": ["Alle varer", "P\u00e5legg", "Leverpostei"], "title": "Ovnsbakt Leverpostei", "price": 23.3, "product_variant": "Original, 190 g", "quantity_info": [[190.0, "g"]], "image_url": "/media/uploads/public/139/296/973896-e4da1-product_list.jpg", "unit_price_raw": "kr 122,63 per kg", "product_url": "https://kolonial.no/produkter/620-gilde-ovnsbakt-leverpostei-original/", "kolonial_id": "620"},
  {"category": "Leverpostei", "category_list": ["Alle varer", "P\u00e5legg", "Leverpostei"], "title": "Leverpostei", "price": 23.1, "product_variant": "Fin&Fersk, 150 g", "quantity_info": [[150.0, "g"]], "image_url": "/media/uploads/public/167/3/966803-cf821-product_list.jpg", "unit_price_raw": "kr 154,00 per kg", "product_url": "https://kolonial.no/produkter/4399-gilde-leverpostei-finfersk-150g/", "kolonial_id": "4399"},
  {"category": "Majones og tubep\u00e5legg", "category_list": ["Alle varer", "P\u00e5legg", "Majones og tubep\u00e5legg"], "title": "Ekte Majones", "price": 29.5, "product_variant": "330 g", "quantity_info": [[330.0, "g"]], "image_url": "/media/uploads/public/156/288/1007888-5863a-product_list.jpg", "unit_price_raw": "kr 89,39 per kg", "product_url": "https://kolonial.no/produkter/4975-mills-ekte-majones-330g/", "kolonial_id": "4975"},
  {"category": "Syltet\u00f8y", "category_list": ["Alle varer", "P\u00e5legg", "Syltet\u00f8y"], "title": "Eple & P\u00e6resyltet\u00f8y", "price": 31.9, "product_variant": "Uten Tilsatt Sukker, 330 g", "quantity_info": [[330.0, "g"]], "image_url": "/media/uploads/public/279/71/907671-1802d-product_list.jpg", "unit_price_raw": "kr 96,67 per kg", "product_url": "https://kolonial.no/produkter/1266-lerum-eple-paeresyltetoy-uten-tilsatt-sukker/", "kolonial_id": "1266"},
  {"category": "Syltet\u00f8y", "category_list": ["Alle varer", "P\u00e5legg", "Syltet\u00f8y"], "title": "Bringeb\u00e6r", "price": 30.7, "product_variant": "Uten Tilsatt Sukker, 330 g", "quantity_info": [[330.0, "g"]], "image_url": "/media/uploads/public/282/85/974085-a903e-product_list.jpg", "unit_price_raw": "kr 93,03 per kg", "product_url": "https://kolonial.no/produkter/13195-lerum-bringebaer-uten-tilsatt-sukker-330g/", "kolonial_id": "13195"},
  {"category": "Fiskep\u00e5legg", "category_list": ["Alle varer", "P\u00e5legg", "Fiskep\u00e5legg"], "title": "Makrell i tomat", "price": 15.9, "product_variant": "170 g", "quantity_info": [[170.0, "g"]], "image_url": "/media/uploads/public/374/51/965251-5ea2e-product_list.jpg", "unit_price_raw": "kr 93,53 per kg", "product_url": "https://kolonial.no/produkter/627-stabburet-makrell-i-tomat/", "kolonial_id": "627"},
  {"category": "Kj\u00f8tt- og kyllingp\u00e5legg", "category_list": ["Alle varer", "P\u00e5legg", "Kj\u00f8tt- og kyllingp\u00e5legg"], "title": "Roastbiff", "price": 38.4, "product_variant": "100 g", "quantity_info": [[100.0, "g"]], "image_url": "/media/uploads/public/0/46/4846-b4744-product_list.jpg", "unit_price_raw": "kr 384,00 per kg", "product_url": "https://kolonial.no/produkter/3556-gilde-roastbiff-100g/", "kolonial_id": "3556"},
  {"category": "Spekemat og salami", "category_list": ["Alle varer", "P\u00e5legg", "Spekemat og salami"], "title": "Supersalami", "price": 56.5, "product_variant": "130 g", "quantity_info": [[130.0, "g"]], "image_url": "/media/uploads/public/383/269/989069-3ab1a-product_list.jpg", "unit_price_raw": "kr 434,62 per kg", "product_url": "https://kolonial.no/produkter/4987-grilstad-supersalami/", "kolonial_id": "4987"},
  {"category": "Spekemat og salami", "category_list": ["Alle varer", "P\u00e5legg", "Spekemat og salami"], "title": "Salami Go Og Mager", "price": 47.6, "product_variant": "130 g", "quantity_info": [[130.0, "g"]], "image_url": "/media/uploads/public/383/14/966814-65d4a-product_list.jpg", "unit_price_raw": "kr 366,15 per kg", "product_url": "https://kolonial.no/produkter/4420-gilde-salami-go-og-mager-130g/", "kolonial_id": "4420"},
  {"category": "Kattemat", "category_list": ["Alle varer", "Dyremat", "Kattemat"], "title": "Whiskas Junior Ragout", "price": 64.5, "product_variant": "12x85g, 1,02 kg", "quantity_info": [[12.0, "x"], [85.0, "g"], [1.02, "kg"]], "image_url": "/media/uploads/public/11/125/1010925-fc1cc-product_list.jpg", "unit_price_raw": "kr 63,24 per kg", "product_url": "https://kolonial.no/produkter/16116-whiskas-whiskas-junior-ragout-12x85g/", "kolonial_id": "16116"},
  {"category": "Kattemat", "category_list": ["Alle varer", "Dyremat", "Kattemat"], "title": "Gourmet Crystal Soup Kylling & Fisk", "price": 10.9, "product_variant": "40 g", "quantity_info": [[40.0, "g"]], "image_url": "/media/uploads/public/112/381/636781-6fc29-product_list.jpg", "unit_price_raw": "kr 272,50 per kg", "product_url": "https://kolonial.no/produkter/26921-gourmet-gold-gourmet-crystal-soup-kylling-fisk/", "kolonial_id": "26921"},
  {"category": "Fl\u00f8te og r\u00f8mmeprodukter", "category_list": ["Alle varer", "Melk, meieriprodukter og egg", "Fl\u00f8te og r\u00f8mmeprodukter"], "title": "Seterr\u00f8mme", "price": 25.7, "product_variant": "300 g", "quantity_info": [[300.0, "g"]], "image_url": "/media/uploads/public/0/82/82-86300-product_list.jpg", "unit_price_raw": "kr 85,67 per kg", "product_url": "https://kolonial.no/produkter/144-tine-seterromme-300g/", "kolonial_id": "144"},
  {"category": "Yoghurt", "category_list": ["Alle varer", "Melk, meieriprodukter og egg", "Yoghurt"], "title": "Yoghurt Tyrkisk Naturell 10%", "price": 55.2, "product_variant": "1 kg", "quantity_info": [[1.0, "kg"]], "image_url": "/media/uploads/public/19/348/971948-8b334-product_list.jpg", "unit_price_raw": "kr 55,20 per kg", "product_url": "https://kolonial.no/produkter/24535-lindahls-yoghurt-tyrkisk-naturell-10/", "kolonial_id": "24535"},
  {"category": "Sm\u00f8r og margarin", "category_list": ["Alle varer", "Melk, meieriprodukter og egg", "Sm\u00f8r og margarin"], "title": "Lett Soft Flora", "price": 30.6, "product_variant": "570 g", "quantity_info": [[570.0, "g"]], "image_url": "/media/uploads/public/82/290/1007890-e8deb-product_list.jpg", "unit_price_raw": "kr 53,68 per kg", "product_url": "https://kolonial.no/produkter/3583-soft-flora-lett-soft-flora-600g/", "kolonial_id": "3583"},
  {"category": "Energidrikk", "category_list": ["Alle varer", "Drikkevarer", "Energidrikk"], "title": "Propud Milkshake Chocolate", "price": 29.6, "product_variant": "0,33 l", "quantity_info": [[0.33, "l"]], "image_url": "/media/uploads/public/146/226/649426-8e05a-product_list.jpg", "unit_price_raw": "kr 89,70 per l", "product_url": "https://kolonial.no/produkter/27056-propud-propud-milkshake-chocolate/", "kolonial_id": "27056"},
  {"category": "Energidrikk", "category_list": ["Alle varer", "Drikkevarer", "Energidrikk"], "title": "Yt Restitusjonsdrikk", "price": 25.1, "product_variant": "Banan & jordb\u00e6r, 330 ml", "quantity_info": [[330.0, "ml"]], "image_url": "/media/uploads/public/284/244/1021444-c1696-product_list.jpg", "unit_price_raw": "kr 76,06 per l", "product_url": "https://kolonial.no/produkter/2245-tine-yt-restitusjonsdrikk-banan-jordbaer-330ml/", "kolonial_id": "2245"},
  {"category": "Te", "category_list": ["Alle varer", "Drikkevarer", "Te"], "title": "Four Red Fruits Tea", "price": 44.5, "product_variant": "25 poser, 25 stk", "quantity_info": [[25.0, "poser"], [25.0, "stk"]], "image_url": "/media/uploads/public/280/185/967785-18944-product_list.jpg", "unit_price_raw": "kr 1,78 per stk", "product_url": "https://kolonial.no/produkter/7807-twinings-four-red-fruits-tea-25-poser/", "kolonial_id": "7807"},
  {"category": "Kaffe", "category_list": ["Alle varer", "Drikkevarer", "Kaffe"], "title": "Original Kaffe, Hele B\u00f8nner", "price": 33.1, "product_variant": "225 g", "quantity_info": [[225.0, "g"]], "image_url": "/media/uploads/public/399/150/967350-969fa-product_list.jpg", "unit_price_raw": "kr 147,11 per kg", "product_url": "https://kolonial.no/produkter/15139-kjeldsberg-kaffebrenneri-original-kaffe-hele-bonne/", "kolonial_id": "15139"},
  {"category": "Kaffe", "category_list": ["Alle varer", "Drikkevarer", "Kaffe"], "title": "Original Kaffe Presskanne", "price": 32.6, "product_variant": "250 g", "quantity_info": [[250.0, "g"]], "image_url": "/media/uploads/public/152/132/967332-3e84d-product_list.jpg", "unit_price_raw": "kr 130,40 per kg", "product_url": "https://kolonial.no/produkter/15133-kjeldsberg-kaffebrenneri-original-kaffe-presskanne/", "kolonial_id": "15133"},
  {"category": "Iste", "category_list": ["Alle varer", "Drikkevarer", "Iste"], "title": "Iste Fersken X", "price": 20.4, "product_variant": "0,45 l", "quantity_info": [[0.45, "l"]], "image_url": "/media/uploads/public/91/129/511729-60706-product_list.jpg", "unit_price_raw": "kr 45,33 per l", "product_url": "https://kolonial.no/produkter/26284-grans-bryggeri-iste-fersken-x/", "kolonial_id": "26284"},
  {"category": "Saft", "category_list": ["Alle varer", "Drikkevarer", "Saft"], "title": "Fun Light Lemonade", "price": 40.5, "product_variant": "0,8 l", "quantity_info": [[0.8, "l"]], "image_url": "/media/uploads/public/206/158/370158-b8d30-product_list.jpg", "unit_price_raw": "kr 50,63 per l", "product_url": "https://kolonial.no/produkter/25864-fun-light-fun-light-lemonade/", "kolonial_id": "25864"},
  {"category": "Smoothie", "category_list": ["Alle varer", "Drikkevarer", "Smoothie"], "title": "Smoothie Ananas, Banan & Kokos", "price": 20.9, "product_variant": "250 ml", "quantity_info": [[250.0, "ml"]], "image_url": "/media/uploads/public/113/89/158089-4b7e5-product_list.jpg", "unit_price_raw": "kr 83,60 per l", "product_url": "https://kolonial.no/produkter/24270-froosh-smoothie-ananas-banan-kokos/", "kolonial_id": "24270"},
  {"category": "Juice", "category_list": ["Alle varer", "Drikkevarer", "Juice"], "title": "Eplejuice", "price": 25.9, "product_variant": "1,5 l", "quantity_info": [[1.5, "l"]], "image_url": "/media/uploads/public/56/262/964262-93fce-product_list.jpg", "unit_price_raw": "kr 17,27 per l", "product_url": "https://kolonial.no/produkter/7831-rema-1000-eplejuice-15l/", "kolonial_id": "7831"},
  {"category": "Juice", "category_list": ["Alle varer", "Drikkevarer", "Juice"], "title": "Eplejuice Cloudy", "price": 19.5, "product_variant": "1 l", "quantity_info": [[1.0, "l"]], "image_url": "/media/uploads/public/339/92/967692-56bf6-product_list.jpg", "unit_price_raw": "kr 19,50 per l", "product_url": "https://kolonial.no/produkter/10975-rema-1000-eplejuice-cloudy-1l/", "kolonial_id": "10975"},
  {"category": "Vann og mineralvann", "category_list": ["Alle varer", "Drikkevarer", "Vann og mineralvann"], "title": "Imsdal Bringeb\u00e6r", "price": 26.4, "product_variant": "0 kalorier, 0,65 l", "quantity_info": [[0.0, "kalorier"], [0.65, "l"]], "image_url": "/media/uploads/public/33/106/723706-8e0fa-product_list.jpg", "unit_price_raw": "kr 40,62 per l", "product_url": "https://kolonial.no/produkter/27742-imsdal-imsdal-bringebaer-0-kalorier/", "kolonial_id": "27742"},
  {"category": "Sm\u00f8reost og prim", "category_list": ["Alle varer", "Oster", "Sm\u00f8reost og prim"], "title": "Sn\u00f8frisk Naturell", "price": 20.5, "product_variant": "125 g", "quantity_info": [[125.0, "g"]], "image_url": "/media/uploads/public/122/264/973064-5f48d-product_list.jpg", "unit_price_raw": "kr 164,00 per kg", "product_url": "https://kolonial.no/produkter/2200-tine-snofrisk-naturell-125g/", "kolonial_id": "2200"},
  {"category": "Brunost", "category_list": ["Alle varer", "Oster", "Brunost"], "title": "Gudbrandsdalsost G35", "price": 52.5, "product_variant": "500 g", "quantity_info": [[500.0, "g"]], "image_url": "/media/uploads/public/378/326/972326-b1fc9-product_list.jpg", "unit_price_raw": "kr 105,00 per kg", "product_url": "https://kolonial.no/produkter/1246-tine-gudbrandsdalsost-g35-500g/", "kolonial_id": "1246"},
  {"category": "Bleier", "category_list": ["Alle varer", "Barneprodukter", "Bleier"], "title": "Libero Up&Go", "price": 56.8, "product_variant": "Str.7 16-26kg, 18 stk", "quantity_info": [[716.0, ""], [26.0, "kg"], [18.0, "stk"]], "image_url": "/media/uploads/public/111/39/1000839-43cc0-product_list.jpg", "unit_price_raw": "kr 3,16 per stk", "product_url": "https://kolonial.no/produkter/1223-libero-go-str7-16-26kg/", "kolonial_id": "1223"},
  {"category": "Spesialoster", "category_list": ["Alle varer", "Oster", "Spesialoster"], "title": "Le Cr\u00e9mier de Chaumes", "price": 88.5, "product_variant": "250 g", "quantity_info": [[250.0, "g"]], "image_url": "/media/uploads/public/133/132/969332-e58a0-product_list.jpg", "unit_price_raw": "kr 354,00 per kg", "product_url": "https://kolonial.no/produkter/9932-le-cremier-de-chaumes-250g/", "kolonial_id": "9932"},
  {"category": "Julens p\u00e5legg", "category_list": ["Alle varer", "P\u00e5legg", "Julens p\u00e5legg"], "title": "\u00d8kologisk Pastrami Skivet", "price": 100.0, "product_variant": "Str\u00f8m-Larsen, 200 g", "quantity_info": [[200.0, "g"]], "image_url": "/media/uploads/public/245/116/137316-10511-product_list.jpg", "unit_price_raw": "kr 500,00 per kg", "product_url": "https://kolonial.no/produkter/23693-strom-larsen-okologisk-pastrami-skivet-strom-larse/", "kolonial_id": "23693"},
  {"category": "Brus", "category_list": ["Alle varer", "Drikkevarer", "Brus"], "title": "Solo", "price": 36.5, "product_variant": "1,5 l", "quantity_info": [[1.5, "l"]], "image_url": "/media/uploads/public/0/379/20779-519db-product_list.jpg", "unit_price_raw": "kr 24,33 per l", "product_url": "https://kolonial.no/produkter/490-ringnes-solo-1-5l/", "kolonial_id": "490"},
  {"category": "Hundemat", "category_list": ["Alle varer", "Dyremat", "Hundemat"], "title": "Dentastix Medium", "price": 44.5, "product_variant": "180 g", "quantity_info": [[180.0, "g"]], "image_url": "/media/uploads/public/3/324/965924-ff76e-product_list.jpg", "unit_price_raw": "kr 247,22 per kg", "product_url": "https://kolonial.no/produkter/5782-pedigree-dentastix-medium/", "kolonial_id": "5782"},
  {"category": "Hundemat", "category_list": ["Alle varer", "Dyremat", "Hundemat"], "title": "Dentastix Large", "price": 54.5, "product_variant": "270 g", "quantity_info": [[270.0, "g"]], "image_url": "/media/uploads/public/158/319/965919-d2725-product_list.jpg", "unit_price_raw": "kr 201,85 per kg", "product_url": "https://kolonial.no/produkter/5770-pedigree-dentastix-large/", "kolonial_id": "5770"},
  {"category": "Taco", "category_list": ["Alle varer", "Pizza og taco", "Taco"], "title": "Wraps Fullkorn", "price": 54.5, "product_variant": "Glutenfri, 170 g", "quantity_info": [[170.0, "g"]], "image_url": "/media/uploads/public/124/390/972390-37672-product_list.jpg", "unit_price_raw": "kr 320,59 per kg", "product_url": "https://kolonial.no/produkter/11068-bfree-wraps-fullkorn-glutenfri/", "kolonial_id": "11068"},
  {"category": "Buljong og fond", "category_list": ["Alle varer", "Olje og krydder", "Buljong og fond"], "title": "Kj\u00f8ttbuljong", "price": 18.1, "product_variant": "Terninger, 6 l", "quantity_info": [[6.0, "l"]], "image_url": "/media/uploads/public/312/354/972754-83d23-product_list.jpg", "unit_price_raw": "kr 3,02 per l", "product_url": "https://kolonial.no/produkter/13987-knorr-kjottbuljong-terninger-6l/", "kolonial_id": "13987"},
  {"category": "Ketchup og sennep", "category_list": ["Alle varer", "Olje og krydder", "Ketchup og sennep"], "title": "Whole Grain Sennep", "price": 37.4, "product_variant": "210 g", "quantity_info": [[210.0, "g"]], "image_url": "/media/uploads/public/370/184/970984-49afc-product_list.jpg", "unit_price_raw": "kr 178,10 per kg", "product_url": "https://kolonial.no/produkter/21469-maille-whole-grain-sennep/", "kolonial_id": "21469"},
  {"category": "Deodorant", "category_list": ["Alle varer", "Hygieneartikler", "Deodorant"], "title": "Extreme Stick", "price": 63.8, "product_variant": "50 ml", "quantity_info": [[50.0, "ml"]], "image_url": "/media/uploads/public/54/364/970364-970b7-product_list.jpg", "unit_price_raw": "kr 1276,00 per l", "product_url": "https://kolonial.no/produkter/21151-sterilan-extreme-stick/", "kolonial_id": "21151"},
  {"category": "Deodorant", "category_list": ["Alle varer", "Hygieneartikler", "Deodorant"], "title": "Black Deospray", "price": 53.9, "product_variant": "150 ml", "quantity_info": [[150.0, "ml"]], "image_url": "/media/uploads/public/133/143/967743-b5f5d-product_list.jpg", "unit_price_raw": "kr 359,33 per l", "product_url": "https://kolonial.no/produkter/11341-axe-axe-black-deospray-150ml/", "kolonial_id": "11341"},
  {"category": "Melk", "category_list": ["Alle varer", "Melk, meieriprodukter og egg", "Melk"], "title": "TineMelk Ekstra Lett", "price": 23.1, "product_variant": "\u00d8kologisk, 1 l", "quantity_info": [[1.0, "l"]], "image_url": "/media/uploads/public/324/67/146467-4fe24-product_list.jpg", "unit_price_raw": "kr 23,10 per l", "product_url": "https://kolonial.no/produkter/2239-tine-tinemelk-ekstra-lett-okologisk/", "kolonial_id": "2239"},
  {"category": "Barbering", "category_list": ["Alle varer", "Hygieneartikler", "Barbering"], "title": "Barbergel", "price": 44.8, "product_variant": "200 ml", "quantity_info": [[200.0, "ml"]], "image_url": "/media/uploads/public/394/89/965289-79bec-product_list.jpg", "unit_price_raw": "kr 224,00 per l", "product_url": "https://kolonial.no/produkter/6547-gillette-barbergel-200ml/", "kolonial_id": "6547"},
  {"category": "Barnes\u00e5pe og babyolje", "category_list": ["Alle varer", "Shampo, s\u00e5pe og krem", "Barnes\u00e5pe og babyolje"], "title": "Shampoo", "price": 31.7, "product_variant": "Mild care, 200 ml", "quantity_info": [[200.0, "ml"]], "image_url": "/media/uploads/public/222/291/965091-c9266-product_list.jpg", "unit_price_raw": "kr 158,50 per l", "product_url": "https://kolonial.no/produkter/804-natusan-shampoo-mild-care-200ml/", "kolonial_id": "804"},
  {"category": "Barnes\u00e5pe og babyolje", "category_list": ["Alle varer", "Shampo, s\u00e5pe og krem", "Barnes\u00e5pe og babyolje"], "title": "Intensive Care Baby Oil", "price": 30.6, "product_variant": "200 ml", "quantity_info": [[200.0, "ml"]], "image_url": "/media/uploads/public/53/268/965068-b4a73-product_list.jpg", "unit_price_raw": "kr 153,00 per l", "product_url": "https://kolonial.no/produkter/13690-natusan-int-care-baby-oil/", "kolonial_id": "13690"},
  {"category": "Bomull og ansiktsrens", "category_list": ["Alle varer", "Hygieneartikler", "Bomull og ansiktsrens"], "title": "Skin Tonic", "price": 73.0, "product_variant": "200 ml", "quantity_info": [[200.0, "ml"]], "image_url": "/media/uploads/public/61/128/262528-122f4-product_list.jpg", "unit_price_raw": "kr 365,00 per l", "product_url": "https://kolonial.no/produkter/25521-neutral-skin-tonic/", "kolonial_id": "25521"},
  {"category": "Krydder", "category_list": ["Alle varer", "Olje og krydder", "Krydder"], "title": "Muskatn\u00f8tt", "price": 12.1, "product_variant": "Hel, 12 g", "quantity_info": [[12.0, "g"]], "image_url": "/media/uploads/public/73/36/965636-dd868-product_list.jpg", "unit_price_raw": "kr 1008,33 per kg", "product_url": "https://kolonial.no/produkter/6121-toro-muskatnott-hel-12g/", "kolonial_id": "6121"},
  {"category": "Krydder", "category_list": ["Alle varer", "Olje og krydder", "Krydder"], "title": "Estragon", "price": 52.6, "product_variant": "20 g", "quantity_info": [[20.0, "g"]], "image_url": "/media/uploads/public/367/354/965554-dd29e-product_list.jpg", "unit_price_raw": "kr 2630,00 per kg", "product_url": "https://kolonial.no/produkter/6214-toro-estragon-20g/", "kolonial_id": "6214"},
  {"category": "Helsekost", "category_list": ["Alle varer", "Legemidler og helsekost", "Helsekost"], "title": "M\u00f8llers Total", "price": 104.4, "product_variant": "28 behandling", "quantity_info": [[28.0, "behandling"]], "image_url": "/media/uploads/public/356/112/967712-86ed4-product_list.jpg", "unit_price_raw": "kr 3,73 per behandling", "product_url": "https://kolonial.no/produkter/9752-mollers-mollers-total/", "kolonial_id": "9752"},
  {"category": "Proteinbar og m\u00fcslibar", "category_list": ["Alle varer", "Legemidler og helsekost", "Proteinbar og m\u00fcslibar"], "title": "Nutrilett Yoghurt & Blueberry", "price": 34.4, "product_variant": "56 g", "quantity_info": [[56.0, "g"]], "image_url": "/media/uploads/public/227/245/702645-2d232-product_list.jpg", "unit_price_raw": "kr 614,29 per kg", "product_url": "https://kolonial.no/produkter/27465-nutrilett-nutrilett-yoghurt-blueberry/", "kolonial_id": "27465"},
  {"category": "Bind og tamponger", "category_list": ["Alle varer", "Hygieneartikler", "Bind og tamponger"], "title": "Always Ultra Night", "price": 20.5, "product_variant": "10 stk", "quantity_info": [[10.0, "stk"]], "image_url": "/media/uploads/public/0/333/1933-aec06-product_list.jpg", "unit_price_raw": "kr 2,05 per stk", "product_url": "https://kolonial.no/produkter/1786-always-always-ultra-night-10-stk/", "kolonial_id": "1786"},
  {"category": "Nikotinprodukter", "category_list": ["Alle varer", "Legemidler og helsekost", "Nikotinprodukter"], "title": "Nicotinell Sugetablett Mint", "price": 299.6, "product_variant": "1mg, 96 stk", "quantity_info": [[1.0, "mg"], [96.0, "stk"]], "image_url": "/media/uploads/public/184/288/146288-e86f5-product_list.jpg", "unit_price_raw": "kr 3,12 per stk", "product_url": "https://kolonial.no/produkter/19660-nicotinell-nicotinell-sugetablett-mint-1mg/", "kolonial_id": "19660"},
  {"category": "Kluter, svamper og hansker", "category_list": ["Alle varer", "T\u00f8rkepapir og vaskemidler", "Kluter, svamper og hansker"], "title": "Mikrofibergulvklut", "price": 48.1, "product_variant": "1 stk", "quantity_info": [[1.0, "stk"]], "image_url": "/media/uploads/public/165/215/968615-29fc8-product_list.jpg", "unit_price_raw": "kr 48,10 per stk", "product_url": "https://kolonial.no/produkter/16290-soft-style-mikrofibergulvklut/", "kolonial_id": "16290"},
  {"category": "Kluter, svamper og hansker", "category_list": ["Alle varer", "T\u00f8rkepapir og vaskemidler", "Kluter, svamper og hansker"], "title": "Prima Gulvklut", "price": 28.8, "product_variant": "3 stk", "quantity_info": [[3.0, "stk"]], "image_url": "/media/uploads/public/180/81/972081-fe1fb-product_list.jpg", "unit_price_raw": "kr 9,60 per stk", "product_url": "https://kolonial.no/produkter/24590-rema-1000-prima-gulvklut/", "kolonial_id": "24590"},
  {"category": "Shampo og h\u00e5rprodukter", "category_list": ["Alle varer", "Shampo, s\u00e5pe og krem", "Shampo og h\u00e5rprodukter"], "title": "Extraordinary Clay Balsam", "price": 42.2, "product_variant": "ElVital, 200 ml", "quantity_info": [[200.0, "ml"]], "image_url": "/media/uploads/public/205/85/971285-fd235-product_list.jpg", "unit_price_raw": "kr 211,00 per l", "product_url": "https://kolonial.no/produkter/23384-elvital-extraordinary-clay-balsam-elvital/", "kolonial_id": "23384"},
  {"category": "Krem", "category_list": ["Alle varer", "Shampo, s\u00e5pe og krem", "Krem"], "title": "H\u00e5ndkrem", "price": 32.9, "product_variant": "100 ml", "quantity_info": [[100.0, "ml"]], "image_url": "/media/uploads/public/287/249/971049-5b401-product_list.jpg", "unit_price_raw": "kr 329,00 per l", "product_url": "https://kolonial.no/produkter/23642-organic-circle-handkrem/", "kolonial_id": "23642"},
  {"category": "Gulost", "category_list": ["Alle varer", "Oster", "Gulost"], "title": "Norvegia Original 27%", "price": 45.9, "product_variant": "Skivet, 300 g", "quantity_info": [[300.0, "g"]], "image_url": "/media/uploads/public/230/138/966538-b2ad4-product_list.jpg", "unit_price_raw": "kr 153,00 per kg", "product_url": "https://kolonial.no/produkter/185-norvegia-27-skivet/", "kolonial_id": "185"},
  {"category": "Oppvask", "category_list": ["Alle varer", "T\u00f8rkepapir og vaskemidler", "Oppvask"], "title": "Sunlight", "price": 28.8, "product_variant": "500 ml", "quantity_info": [[500.0, "ml"]], "image_url": "/media/uploads/public/141/398/964798-d4f8b-product_list.jpg", "unit_price_raw": "kr 57,60 per l", "product_url": "https://kolonial.no/produkter/7117-lilleborg-sunlight-05l/", "kolonial_id": "7117"},
  {"category": "Oppvask", "category_list": ["Alle varer", "T\u00f8rkepapir og vaskemidler", "Oppvask"], "title": "Zalo Ultra Oppvask", "price": 29.5, "product_variant": "500 ml", "quantity_info": [[500.0, "ml"]], "image_url": "/media/uploads/public/135/160/730160-1fd07-product_list.jpg", "unit_price_raw": "kr 59,00 per l", "product_url": "https://kolonial.no/produkter/638-zalo-zalo-ultra-oppvask-500ml/", "kolonial_id": "638"},
  {"category": "Fiskekaker", "category_list": ["Alle varer", "Fisk og sj\u00f8mat", "Fiskekaker"], "title": "Fiskeboller", "price": 33.3, "product_variant": "V\u00e5r Laveste Pris, 500 g", "quantity_info": [[500.0, "g"]], "image_url": "/media/uploads/public/202/58/1012858-183cc-product_list.jpg", "unit_price_raw": "kr 66,60 per kg", "product_url": "https://kolonial.no/produkter/28092-prima-fiskeboller-500g-05-kg/", "kolonial_id": "28092"},
  {"category": "Fryst pizza", "category_list": ["Alle varer", "Pizza og taco", "Fryst pizza"], "title": "Grandiosa Nybakt med Pepperoni", "price": 68.9, "product_variant": "480 g", "quantity_info": [[480.0, "g"]], "image_url": "/media/uploads/public/93/57/368057-b1c64-product_list.jpg", "unit_price_raw": "kr 143,54 per kg", "product_url": "https://kolonial.no/produkter/25739-grandiosa-grandiosa-nybakt-med-pepperoni/", "kolonial_id": "25739"},
  {"category": "Tannpleie", "category_list": ["Alle varer", "Hygieneartikler", "Tannpleie"], "title": "Tannb\u00f8rste Refil", "price": 132.9, "product_variant": "Precision Clean Head Refills, 2 stk", "quantity_info": [[2.0, "stk"]], "image_url": "/media/uploads/public/362/77/972077-c72b9-product_list.jpg", "unit_price_raw": "kr 66,45 per stk", "product_url": "https://kolonial.no/produkter/24491-oral-b-tannborste-refil-precision-clean-head-refil/", "kolonial_id": "24491"},
  {"category": "Vaskemidler", "category_list": ["Alle varer", "T\u00f8rkepapir og vaskemidler", "Vaskemidler"], "title": "Universal", "price": 16.4, "product_variant": "500 ml", "quantity_info": [[500.0, "ml"]], "image_url": "/media/uploads/public/17/314/1007914-9b90f-product_list.jpg", "unit_price_raw": "kr 32,80 per l", "product_url": "https://kolonial.no/produkter/868-jif-universal-500ml/", "kolonial_id": "868"},
  {"category": "Vaskemidler", "category_list": ["Alle varer", "T\u00f8rkepapir og vaskemidler", "Vaskemidler"], "title": "Ovn & Grill", "price": 48.8, "product_variant": "Spray, 500 ml", "quantity_info": [[500.0, "ml"]], "image_url": "/media/uploads/public/386/47/964847-52478-product_list.jpg", "unit_price_raw": "kr 97,60 per l", "product_url": "https://kolonial.no/produkter/669-jif-ovn-grill-spray-500ml/", "kolonial_id": "669"},
  {"category": "Frossen fisk og sj\u00f8mat", "category_list": ["Alle varer", "Fisk og sj\u00f8mat", "Frossen fisk og sj\u00f8mat"], "title": "Kapteinens Fylte R\u00f8dspette", "price": 77.3, "product_variant": "Med Reke- og Champignonsaus, 300 g", "quantity_info": [[300.0, "g"]], "image_url": "/media/uploads/public/52/170/968570-26062-product_list.jpg", "unit_price_raw": "kr 257,67 per kg", "product_url": "https://kolonial.no/produkter/16194-findus-kapteinens-fylte-rodspette-med-reke-og-cham/", "kolonial_id": "16194"},
  {"category": "Frossen fisk og sj\u00f8mat", "category_list": ["Alle varer", "Fisk og sj\u00f8mat", "Frossen fisk og sj\u00f8mat"], "title": "Crabsticks", "price": 11.9, "product_variant": "250 g", "quantity_info": [[250.0, "g"]], "image_url": "/media/uploads/public/298/336/1017936-2a114-product_list.jpg", "unit_price_raw": "kr 47,60 per kg", "product_url": "https://kolonial.no/produkter/4267-prima-crabsticks/", "kolonial_id": "4267"},
  {"category": "Revet ost", "category_list": ["Alle varer", "Oster", "Revet ost"], "title": "Ost Revet", "price": 24.9, "product_variant": "Tex Mex, 150 g", "quantity_info": [[150.0, "g"]], "image_url": "/media/uploads/public/211/32/973632-2f187-product_list.jpg", "unit_price_raw": "kr 166,00 per kg", "product_url": "https://kolonial.no/produkter/27578-ost-revet-tex-mex/", "kolonial_id": "27578"},
  {"category": "Baketilbeh\u00f8r", "category_list": ["Alle varer", "Mel og bakeingredienser", "Baketilbeh\u00f8r"], "title": "Bakepulver", "price": 29.5, "product_variant": "250 g", "quantity_info": [[250.0, "g"]], "image_url": "/media/uploads/public/12/239/964639-2a045-product_list.jpg", "unit_price_raw": "kr 118,00 per kg", "product_url": "https://kolonial.no/produkter/48-freia-bakepulver-250g/", "kolonial_id": "48"},
  {"category": "Baketilbeh\u00f8r", "category_list": ["Alle varer", "Mel og bakeingredienser", "Baketilbeh\u00f8r"], "title": "T\u00f8rrgj\u00e6r Original", "price": 20.6, "product_variant": "5 poser, 0,06 kg", "quantity_info": [[5.0, "poser"], [0.06, "kg"]], "image_url": "/media/uploads/public/184/144/970144-b7304-product_list.jpg", "unit_price_raw": "kr 343,33 per kg", "product_url": "https://kolonial.no/produkter/8951-idun-torrgjaer-original-5-poser/", "kolonial_id": "8951"},
  {"category": "Ferske br\u00f8d", "category_list": ["Alle varer", "Br\u00f8d og frokostblandinger", "Ferske br\u00f8d"], "title": "Ekstra Grovt Br\u00f8d", "price": 33.9, "product_variant": "770 g", "quantity_info": [[770.0, "g"]], "image_url": "/media/uploads/public/253/271/665071-8f856-product_list.jpg", "unit_price_raw": "kr 44,03 per kg", "product_url": "https://kolonial.no/produkter/27240-brodverket-ekstra-grovt-brod/", "kolonial_id": "27240"},
  {"category": "Hermetisert sj\u00f8mat", "category_list": ["Alle varer", "Fisk og sj\u00f8mat", "Hermetisert sj\u00f8mat"], "title": "Ansjosfilet", "price": 19.9, "product_variant": "50 g", "quantity_info": [[50.0, "g"]], "image_url": "/media/uploads/public/118/143/970543-ce9d4-product_list.jpg", "unit_price_raw": "kr 398,00 per kg", "product_url": "https://kolonial.no/produkter/21802-king-oscar-ansjosfilet/", "kolonial_id": "21802"},
  {"category": "Klesvask", "category_list": ["Alle varer", "T\u00f8rkepapir og vaskemidler", "Klesvask"], "title": "Blenda Sensitive Farget", "price": 49.4, "product_variant": "1,04 kg", "quantity_info": [[1.04, "kg"]], "image_url": "/media/uploads/public/372/320/372320-39b4e-product_list.jpg", "unit_price_raw": "kr 47,50 per kg", "product_url": "https://kolonial.no/produkter/26030-blenda-blenda-sensitive-farget/", "kolonial_id": "26030"},
  {"category": "Fersk fisk", "category_list": ["Alle varer", "Fisk og sj\u00f8mat", "Fersk fisk"], "title": "Seifilet uten Skinn", "price": 29.9, "product_variant": "Domstein, \n                            \n\n                            Fersk villfisk, ca. 200 g", "quantity_info": [[200.0, "g"]], "image_url": "/media/uploads/public/28/349/152749-5d4b8-product_list_large.jpg", "unit_price_raw": "kr 149,50 per kg", "product_url": "https://kolonial.no/produkter/24884-domstein-seifilet-uten-skinn-fersk-villfisk/", "kolonial_id": "24884"},
  {"category": "Oljer og dressinger", "category_list": ["Alle varer", "Olje og krydder", "Oljer og dressinger"], "title": "R\u00f8dvinseddik", "price": 28.9, "product_variant": "0,25 l", "quantity_info": [[0.25, "l"]], "image_url": "/media/uploads/public/28/342/964342-4c09b-product_list.jpg", "unit_price_raw": "kr 115,60 per l", "product_url": "https://kolonial.no/produkter/2779-maille-rodvinseddik-025l/", "kolonial_id": "2779"},
  {"category": "Ferdigmikser", "category_list": ["Alle varer", "Mel og bakeingredienser", "Ferdigmikser"], "title": "Grove Pannekaker", "price": 26.1, "product_variant": "200 g", "quantity_info": [[200.0, "g"]], "image_url": "/media/uploads/public/6/151/973351-40a52-product_list.jpg", "unit_price_raw": "kr 130,50 per kg", "product_url": "https://kolonial.no/produkter/27349-toro-grove-pannekaker/", "kolonial_id": "27349"},
  {"category": "Storfe", "category_list": ["Alle varer", "Kj\u00f8tt og kylling", "Storfe"], "title": "Pepperbiff av Storfe i Skiver", "price": 43.6, "product_variant": "Prima, 200 g", "quantity_info": [[200.0, "g"]], "image_url": "/media/uploads/public/23/77/720077-dcf04-product_list.jpg", "unit_price_raw": "kr 218,00 per kg", "product_url": "https://kolonial.no/produkter/25937-prima-pepperbiff-av-storfe-i-skiver-prima/", "kolonial_id": "25937"},
  {"category": "Storfe", "category_list": ["Alle varer", "Kj\u00f8tt og kylling", "Storfe"], "title": "M\u00f8rbradbiff av Storfe i Skiver", "price": 48.9, "product_variant": "Prima, ca. 260 g", "quantity_info": [[260.0, "g"]], "image_url": "/media/uploads/public/393/8/998808-8afe1-product_list.jpg", "unit_price_raw": "kr 188,08 per kg", "product_url": "https://kolonial.no/produkter/25941-morbradbiff-av-storfe-i-skiver-prima/", "kolonial_id": "25941"},
  {"category": "P\u00f8lsebr\u00f8d, hamburgerbr\u00f8d og boller", "category_list": ["Alle varer", "Br\u00f8d og frokostblandinger", "P\u00f8lsebr\u00f8d, hamburgerbr\u00f8d og boller"], "title": "Glutenfrie Hamburgerbr\u00f8d", "price": 55.1, "product_variant": "320 g", "quantity_info": [[320.0, "g"]], "image_url": "/media/uploads/public/35/328/524728-5e847-product_list.jpg", "unit_price_raw": "kr 172,19 per kg", "product_url": "https://kolonial.no/produkter/26364-hatting-glutenfrie-hamburgerbrod/", "kolonial_id": "26364"},
  {"category": "Frokostblandinger og gryn", "category_list": ["Alle varer", "Br\u00f8d og frokostblandinger", "Frokostblandinger og gryn"], "title": "Havreputer", "price": 52.0, "product_variant": "Glutenfri, 300 g", "quantity_info": [[300.0, "g"]], "image_url": "/media/uploads/public/391/33/969633-ae940-product_list.jpg", "unit_price_raw": "kr 173,33 per kg", "product_url": "https://kolonial.no/produkter/18856-semper-havreputer-glutenfri/", "kolonial_id": "18856"},
  {"category": "Bursdag", "category_list": ["Alle varer", "Barneprodukter", "Bursdag"], "title": "Servietter Bl\u00e5", "price": 42.1, "product_variant": "24 stk", "quantity_info": [[24.0, "stk"]], "image_url": "/media/uploads/public/371/21/130421-cf8ef-product_list.jpg", "unit_price_raw": "kr 1,75 per stk", "product_url": "https://kolonial.no/produkter/23566-festligeting-servietter-bla/", "kolonial_id": "23566"},
  {"category": "Frosne br\u00f8d og rundstykker", "category_list": ["Alle varer", "Br\u00f8d og frokostblandinger", "Frosne br\u00f8d og rundstykker"], "title": "Miniflutes Fullkorn", "price": 28.4, "product_variant": "12x50g, 600 g", "quantity_info": [[12.0, "x"], [50.0, "g"], [600.0, "g"]], "image_url": "/media/uploads/public/249/177/370177-b1d1f-product_list.jpg", "unit_price_raw": "kr 47,33 per kg", "product_url": "https://kolonial.no/produkter/25882-prima-miniflutes-fullkorn-12x50g/", "kolonial_id": "25882"},
  {"category": "Supper", "category_list": ["Alle varer", "Middager og tilbeh\u00f8r", "Supper"], "title": "Tomatsuppe Glutenfri", "price": 20.1, "product_variant": "73 g", "quantity_info": [[73.0, "g"]], "image_url": "/media/uploads/public/336/332/965532-a0024-product_list.jpg", "unit_price_raw": "kr 275,34 per kg", "product_url": "https://kolonial.no/produkter/2044-toro-tomatsuppe-glutenfri/", "kolonial_id": "2044"},
  {"category": "Knekkebr\u00f8d", "category_list": ["Alle varer", "Br\u00f8d og frokostblandinger", "Knekkebr\u00f8d"], "title": "Rugspr\u00f8 Havre", "price": 13.9, "product_variant": "180 g", "quantity_info": [[180.0, "g"]], "image_url": "/media/uploads/public/280/161/964961-9201b-product_list.jpg", "unit_price_raw": "kr 77,22 per kg", "product_url": "https://kolonial.no/produkter/1151-wasa-rugspro-havre-180g/", "kolonial_id": "1151"},
  {"category": "Knekkebr\u00f8d", "category_list": ["Alle varer", "Br\u00f8d og frokostblandinger", "Knekkebr\u00f8d"], "title": "Knekkebr\u00f8d Havre & Chia", "price": 44.8, "product_variant": "\u00d8kologisk, 200 g", "quantity_info": [[200.0, "g"]], "image_url": "/media/uploads/public/0/108/83308-c8ab6-product_list.jpg", "unit_price_raw": "kr 224,00 per kg", "product_url": "https://kolonial.no/produkter/20353-helios-knekkebrod-havre-chia-okologisk/", "kolonial_id": "20353"},
  {"category": "Langtidsholdbare br\u00f8d", "category_list": ["Alle varer", "Br\u00f8d og frokostblandinger", "Langtidsholdbare br\u00f8d"], "title": "Rosta", "price": 26.4, "product_variant": "450 g", "quantity_info": [[450.0, "g"]], "image_url": "/media/uploads/public/82/183/324983-2e7f1-product_list.jpg", "unit_price_raw": "kr 58,67 per kg", "product_url": "https://kolonial.no/produkter/25633-pagen-rosta/", "kolonial_id": "25633"},
  {"category": "Langtidsholdbare br\u00f8d", "category_list": ["Alle varer", "Br\u00f8d og frokostblandinger", "Langtidsholdbare br\u00f8d"], "title": "Rugbr\u00f8d I Skiver", "price": 31.5, "product_variant": "500 g", "quantity_info": [[500.0, "g"]], "image_url": "/media/uploads/public/0/22/13622-7250d-product_list.jpg", "unit_price_raw": "kr 63,00 per kg", "product_url": "https://kolonial.no/produkter/9980-helios-rugbrod-i-skiver-500g/", "kolonial_id": "9980"},
  {"category": "V\u00e5tservietter og s\u00e5pe", "category_list": ["Alle varer", "Barneprodukter", "V\u00e5tservietter og s\u00e5pe"], "title": "Hudkrem Baby", "price": 28.2, "product_variant": "250 ml", "quantity_info": [[250.0, "ml"]], "image_url": "/media/uploads/public/315/81/969281-18c43-product_list.jpg", "unit_price_raw": "kr 112,80 per l", "product_url": "https://kolonial.no/produkter/17980-rema-1000-hudkrem-baby/", "kolonial_id": "17980"},
  {"category": "Pasta og nudler", "category_list": ["Alle varer", "Middager og tilbeh\u00f8r", "Pasta og nudler"], "title": "Spaghettini", "price": 19.8, "product_variant": "450 g", "quantity_info": [[450.0, "g"]], "image_url": "/media/uploads/public/118/54/965654-76b6e-product_list.jpg", "unit_price_raw": "kr 44,00 per kg", "product_url": "https://kolonial.no/produkter/5956-sopps-spaghettini-500g/", "kolonial_id": "5956"},
  {"category": "Batterier", "category_list": ["Alle varer", "Husholdning og tekstil", "Batterier"], "title": "Batteri LR44 1,5V", "price": 47.3, "product_variant": "2 stk", "quantity_info": [[2.0, "stk"]], "image_url": "/media/uploads/public/238/65/296065-c9b2f-product_list.jpg", "unit_price_raw": "kr 23,65 per stk", "product_url": "https://kolonial.no/produkter/25404-duracell-batteri-lr44-15v/", "kolonial_id": "25404"},
  {"category": "Hamburgere", "category_list": ["Alle varer", "Kj\u00f8tt og kylling", "Hamburgere"], "title": "Veggis Burger", "price": 37.9, "product_variant": "2 stk, 180 g", "quantity_info": [[2.0, "stk"], [180.0, "g"]], "image_url": "/media/uploads/public/192/29/978429-77351-product_list.jpg", "unit_price_raw": "kr 210,56 per kg", "product_url": "https://kolonial.no/produkter/27793-sevan-veggis-burger-2x90g/", "kolonial_id": "27793"},
  {"category": "Hermetisert frukt og gr\u00f8nt", "category_list": ["Alle varer", "Frukt og gr\u00f8nt", "Hermetisert frukt og gr\u00f8nt"], "title": "Kokosmelk", "price": 34.2, "product_variant": "\u00d8kologisk, 400 g", "quantity_info": [[400.0, "g"]], "image_url": "/media/uploads/public/0/102/83302-61909-product_list.jpg", "unit_price_raw": "kr 85,50 per kg", "product_url": "https://kolonial.no/produkter/20347-helios-kokosmelk-okologisk/", "kolonial_id": "20347"},
  {"category": "Diverse husholdning", "category_list": ["Alle varer", "Husholdning og tekstil", "Diverse husholdning"], "title": "Plastb\u00f8tte", "price": 26.7, "product_variant": "10 liter, 1 stk", "quantity_info": [[10.0, "liter"], [1.0, "stk"]], "image_url": "/media/uploads/public/0/243/23443-905eb-product_list.jpg", "unit_price_raw": "kr 26,70 per stk", "product_url": "https://kolonial.no/produkter/11773-plastbotte-10l/", "kolonial_id": "11773"},
  {"category": "Diverse husholdning", "category_list": ["Alle varer", "Husholdning og tekstil", "Diverse husholdning"], "title": "Bambusmatte", "price": 46.1, "product_variant": "140x240mm, 1 stk", "quantity_info": [[140.0, "x"], [240.0, "mm"], [1.0, "stk"]], "image_url": "/media/uploads/public/0/396/15196-c5cb8-product_list.jpg", "unit_price_raw": "kr 46,10 per stk", "product_url": "https://kolonial.no/produkter/10966-blue-dragon-bambusmatte-12x240mm/", "kolonial_id": "10966"},
  {"category": "Kj\u00f8ttdeig og karbonadedeig", "category_list": ["Alle varer", "Kj\u00f8tt og kylling", "Kj\u00f8ttdeig og karbonadedeig"], "title": "Kvernet Deig Av Storfe 14%", "price": 37.9, "product_variant": "400 g", "quantity_info": [[400.0, "g"]], "image_url": "/media/uploads/public/197/228/156628-ba69f-product_list.jpg", "unit_price_raw": "kr 94,75 per kg", "product_url": "https://kolonial.no/produkter/18349-best-pris-kvernet-deig-av-storfe-14/", "kolonial_id": "18349"},
  {"category": "Ferdige middagsretter", "category_list": ["Alle varer", "Middager og tilbeh\u00f8r", "Ferdige middagsretter"], "title": "Toro Fiskegrateng", "price": 69.6, "product_variant": "400 g", "quantity_info": [[400.0, "g"]], "image_url": "/media/uploads/public/142/352/971152-8d771-product_list.jpg", "unit_price_raw": "kr 174,00 per kg", "product_url": "https://kolonial.no/produkter/23344-toro-toro-fiskegrateng/", "kolonial_id": "23344"},
  {"category": "Ferdigsauser", "category_list": ["Alle varer", "Middager og tilbeh\u00f8r", "Ferdigsauser"], "title": "Arrabbiata Pastasaus", "price": 26.9, "product_variant": "400 g", "quantity_info": [[400.0, "g"]], "image_url": "/media/uploads/public/165/342/973542-99e45-product_list.jpg", "unit_price_raw": "kr 67,25 per kg", "product_url": "https://kolonial.no/produkter/27486-barilla-arrabbiata-pastasaus/", "kolonial_id": "27486"},
  {"category": "Ferdigsauser", "category_list": ["Alle varer", "Middager og tilbeh\u00f8r", "Ferdigsauser"], "title": "Hvitl\u00f8k Tomatsaus", "price": 26.9, "product_variant": "400 g", "quantity_info": [[400.0, "g"]], "image_url": "/media/uploads/public/360/348/973548-ece9f-product_list.jpg", "unit_price_raw": "kr 67,25 per kg", "product_url": "https://kolonial.no/produkter/27488-barilla-hvitlok-tomatsaus/", "kolonial_id": "27488"},
  {"category": "P\u00f8lser", "category_list": ["Alle varer", "Kj\u00f8tt og kylling", "P\u00f8lser"], "title": "Wienerp\u00f8lse", "price": 49.2, "product_variant": "560 g", "quantity_info": [[560.0, "g"]], "image_url": "/media/uploads/public/111/181/646181-46657-product_list.jpg", "unit_price_raw": "kr 87,86 per kg", "product_url": "https://kolonial.no/produkter/22984-finsbraten-wienerpolse/", "kolonial_id": "22984"},
  {"category": "Kontor", "category_list": ["Alle varer", "Husholdning og tekstil", "Kontor"], "title": "Post-It Blokk Gul", "price": 24.2, "product_variant": "76x76mm, 1 stk", "quantity_info": [[76.0, "x"], [76.0, "mm"], [1.0, "stk"]], "image_url": "/media/uploads/public/0/122/105322-d81fa-product_list.jpg", "unit_price_raw": "kr 24,20 per stk", "product_url": "https://kolonial.no/produkter/22678-post-it-blokk-gul-76x76mm/", "kolonial_id": "22678"},
  {"category": "Fr\u00f8, n\u00f8tter og t\u00f8rket frukt", "category_list": ["Alle varer", "Frukt og gr\u00f8nt", "Fr\u00f8, n\u00f8tter og t\u00f8rket frukt"], "title": "Svisker", "price": 44.8, "product_variant": "500 g", "quantity_info": [[500.0, "g"]], "image_url": "/media/uploads/public/294/174/966174-5f700-product_list.jpg", "unit_price_raw": "kr 89,60 per kg", "product_url": "https://kolonial.no/produkter/7-sunsweet-svisker-500g/", "kolonial_id": "7"},
  {"category": "Kj\u00f8ttboller og karbonader", "category_list": ["Alle varer", "Kj\u00f8tt og kylling", "Kj\u00f8ttboller og karbonader"], "title": "Kj\u00f8ttboller med Gr\u00f8nnsaker", "price": 49.0, "product_variant": "500 g", "quantity_info": [[500.0, "g"]], "image_url": "/media/uploads/public/336/190/971790-4bf22-product_list.jpg", "unit_price_raw": "kr 98,00 per kg", "product_url": "https://kolonial.no/produkter/24049-rema-1000-kjottboller-med-gronnsaker/", "kolonial_id": "24049"},
  {"category": "Kj\u00f8kkenredskap", "category_list": ["Alle varer", "Husholdning og tekstil", "Kj\u00f8kkenredskap"], "title": "Skrape", "price": 41.2, "product_variant": "14 cm, st\u00e5l, 1 stk", "quantity_info": [[14.0, "cmst\u00e5l"], [1.0, "stk"]], "image_url": "/media/uploads/public/0/27/46027-fc675-product_list.jpg", "unit_price_raw": "kr 41,20 per stk", "product_url": "https://kolonial.no/produkter/15001-skrape-14-cm-stal/", "kolonial_id": "15001"},
  {"category": "Kj\u00f8kkenredskap", "category_list": ["Alle varer", "Husholdning og tekstil", "Kj\u00f8kkenredskap"], "title": "Skj\u00e6rebrett", "price": 40.4, "product_variant": "25x15 cm, 1 stk", "quantity_info": [[25.0, "x"], [15.0, "cm"], [1.0, "stk"]], "image_url": "/media/uploads/public/317/241/972241-f4221-product_list.jpg", "unit_price_raw": "kr 40,40 per stk", "product_url": "https://kolonial.no/produkter/11635-skjaerebrett-25x15-cm/", "kolonial_id": "11635"},
  {"category": "Engangs og Servietter", "category_list": ["Alle varer", "Husholdning og tekstil", "Engangs og Servietter"], "title": "Kaffebeger Med Hank", "price": 36.8, "product_variant": "50 stk", "quantity_info": [[50.0, "stk"]], "image_url": "/media/uploads/public/0/217/21817-30b85-product_list.jpg", "unit_price_raw": "kr 0,74 per stk", "product_url": "https://kolonial.no/produkter/10520-kaffebeger-med-hank/", "kolonial_id": "10520"},
  {"category": "Salater og k\u00e5l", "category_list": ["Alle varer", "Frukt og gr\u00f8nt", "Salater og k\u00e5l"], "title": "Salatblanding Premium Beger", "price": 40.9, "product_variant": "Spania/ Italia, 400 g", "quantity_info": [[400.0, "g"]], "image_url": "/media/uploads/public/145/263/617463-c5040-product_list.jpg", "unit_price_raw": "kr 102,25 per kg", "product_url": "https://kolonial.no/produkter/26536-salatblanding-premium-beger-norsk/", "kolonial_id": "26536"},
  {"category": "Gr\u00f8nnsaker", "category_list": ["Alle varer", "Frukt og gr\u00f8nt", "Gr\u00f8nnsaker"], "title": "Brokkoli", "price": 30.9, "product_variant": "\u00d8kologisk, Spania, 1 stk", "quantity_info": [[1.0, "stk"]], "image_url": "/media/uploads/public/0/179/3379-26594-product_list.jpg", "unit_price_raw": "kr 88,29 per kg", "product_url": "https://kolonial.no/produkter/19468-brokkoli-okologisk-spania/", "kolonial_id": "19468"},
  {"category": "Frukt", "category_list": ["Alle varer", "Frukt og gr\u00f8nt", "Frukt"], "title": "Appelsiner i Nett", "price": 30.9, "product_variant": "Spania, 2 kg", "quantity_info": [[2.0, "kg"]], "image_url": "/media/uploads/public/0/102/77302-36608-product_list.jpg", "unit_price_raw": "kr 15,45 per kg", "product_url": "https://kolonial.no/produkter/16723-appelsiner-i-nett-spania/", "kolonial_id": "16723"},
  {"category": "Frukt", "category_list": ["Alle varer", "Frukt og gr\u00f8nt", "Frukt"], "title": "\u00d8kologiske Appelsiner", "price": 39.9, "product_variant": "Spania, 1 kg", "quantity_info": [[1.0, "kg"]], "image_url": "/media/uploads/public/153/15/699615-17055-product_list.jpg", "unit_price_raw": "kr 39,90 per kg", "product_url": "https://kolonial.no/produkter/23922-okologiske-appelsiner-spania/", "kolonial_id": "23922"},
  {"category": "Frossen frukt og gr\u00f8nt", "category_list": ["Alle varer", "Frukt og gr\u00f8nt", "Frossen frukt og gr\u00f8nt"], "title": "Krydret B\u00f8nneblanding", "price": 30.6, "product_variant": "500 g", "quantity_info": [[500.0, "g"]], "image_url": "/media/uploads/public/209/15/970815-bf02a-product_list.jpg", "unit_price_raw": "kr 61,20 per kg", "product_url": "https://kolonial.no/produkter/22867-rema-1000-krydret-bonneblanding/", "kolonial_id": "22867"},
  {"category": "Middags-kit og gryteretter", "category_list": ["Alle varer", "Middager og tilbeh\u00f8r", "Middags-kit og gryteretter"], "title": "Meksikansk gryte", "price": 29.2, "product_variant": "190 g", "quantity_info": [[190.0, "g"]], "image_url": "/media/uploads/public/337/329/967929-d433f-product_list.jpg", "unit_price_raw": "kr 153,68 per kg", "product_url": "https://kolonial.no/produkter/734-toro-meksikansk-gryte/", "kolonial_id": "734"},
  {"category": "Ris og gryn", "category_list": ["Alle varer", "Middager og tilbeh\u00f8r", "Ris og gryn"], "title": "Quinoa", "price": 54.4, "product_variant": "400 g", "quantity_info": [[400.0, "g"]], "image_url": "/media/uploads/public/234/240/969040-b2bc4-product_list.jpg", "unit_price_raw": "kr 136,00 per kg", "product_url": "https://kolonial.no/produkter/17353-go-green-quinoa/", "kolonial_id": "17353"},
  {"category": "Ris og gryn", "category_list": ["Alle varer", "Middager og tilbeh\u00f8r", "Ris og gryn"], "title": "Fullkornsris", "price": 35.1, "product_variant": "Boil-in-bag 8x125g, 1 kg", "quantity_info": [[8.0, "x"], [125.0, "g"], [1.0, "kg"]], "image_url": "/media/uploads/public/241/280/969480-8091e-product_list.jpg", "unit_price_raw": "kr 35,10 per kg", "product_url": "https://kolonial.no/produkter/18223-rema-1000-fullkornsris-boil-bag-8x125g/", "kolonial_id": "18223"},
  {"category": "Posesauser", "category_list": ["Alle varer", "Middager og tilbeh\u00f8r", "Posesauser"], "title": "Hollandaisesaus", "price": 20.6, "product_variant": "26 g", "quantity_info": [[26.0, "g"]], "image_url": "/media/uploads/public/141/273/967473-70b0c-product_list.jpg", "unit_price_raw": "kr 792,31 per kg", "product_url": "https://kolonial.no/produkter/749-toro-hollandaisesaus/", "kolonial_id": "749"},
  {"category": "Middagstilbeh\u00f8r", "category_list": ["Alle varer", "Middager og tilbeh\u00f8r", "Middagstilbeh\u00f8r"], "title": "Krutonger Med Havsalt & Pepper", "price": 40.8, "product_variant": "142 g", "quantity_info": [[142.0, "g"]], "image_url": "/media/uploads/public/0/131/13331-47228-product_list.jpg", "unit_price_raw": "kr 287,32 per kg", "product_url": "https://kolonial.no/produkter/9866-chatham-village-krutonger-med-havsalt-pepper/", "kolonial_id": "9866"},
  {"category": "Lys", "category_list": ["Alle varer", "Husholdning og tekstil", "Lys"], "title": "Halogen", "price": 62.7, "product_variant": "Eco Liniar 240w, 1 stk", "quantity_info": [[240.0, "w"], [1.0, "stk"]], "image_url": "/media/uploads/public/0/271/45871-119ae-product_list.jpg", "unit_price_raw": "kr 62,70 per stk", "product_url": "https://kolonial.no/produkter/14758-philips-halogen-eco-liniar-240w/", "kolonial_id": "14758"},
  {"category": "Lys", "category_list": ["Alle varer", "Husholdning og tekstil", "Lys"], "title": "Stekeovnslampe", "price": 30.9, "product_variant": "15w E14, 1 stk", "quantity_info": [[15.0, "wE"], [14.1, "stk"]], "image_url": "/media/uploads/public/0/136/45736-b70a6-product_list.jpg", "unit_price_raw": "kr 30,90 per stk", "product_url": "https://kolonial.no/produkter/13609-stekeovnslampe-15w-e14/", "kolonial_id": "13609"},
  {"category": "Kylling, kalkun og and", "category_list": ["Alle varer", "Kj\u00f8tt og kylling", "Kylling, kalkun og and"], "title": "Tapasboller av kylling,", "price": 62.7, "product_variant": "Med Solt\u00f8rket tomat og oliven, 300 g", "quantity_info": [[300.0, "g"]], "image_url": "/media/uploads/public/347/10/973610-79d64-product_list.jpg", "unit_price_raw": "kr 209,00 per kg", "product_url": "https://kolonial.no/produkter/27009-tapasboller-av-kylling-med-soltorket-tomat-og-oliv/", "kolonial_id": "27009"},
  {"category": "Bacon og tilbeh\u00f8r", "category_list": ["Alle varer", "Kj\u00f8tt og kylling", "Bacon og tilbeh\u00f8r"], "title": "Sm\u00e5rettskinke", "price": 46.3, "product_variant": "200 g", "quantity_info": [[200.0, "g"]], "image_url": "/media/uploads/public/311/110/371710-ef8fc-product_list.jpg", "unit_price_raw": "kr 231,50 per kg", "product_url": "https://kolonial.no/produkter/25969-nordfjord-smarettskinke/", "kolonial_id": "25969"},
  {"category": "Morsmelkerstatning", "category_list": ["Alle varer", "Barneprodukter", "Morsmelkerstatning"], "title": "Combiotik 2", "price": 22.4, "product_variant": "Drikkeklar, 1 stk", "quantity_info": [[1.0, "stk"]], "image_url": "/media/uploads/public/200/73/1012873-40a05-product_list.jpg", "unit_price_raw": "kr 22,40 per stk", "product_url": "https://kolonial.no/produkter/28105-hipp-baby-combiotik-2-rtd-200ml-1-stk/", "kolonial_id": "28105"},
  {"category": "Smoothie, yoghurt og mellomm\u00e5ltid", "category_list": ["Alle varer", "Barneprodukter", "Smoothie, yoghurt og mellomm\u00e5ltid"], "title": "Jogolino jordb\u00e6r&banan", "price": 35.1, "product_variant": "Fra 10mnd, 400 g", "quantity_info": [[10.0, "mnd"], [400.0, "g"]], "image_url": "/media/uploads/public/271/358/965958-65a3a-product_list.jpg", "unit_price_raw": "kr 87,75 per kg", "product_url": "https://kolonial.no/produkter/772-nestle-jogolino-jordbaerbanan-fra-10mnd/", "kolonial_id": "772"},
  {"category": "Smoothie, yoghurt og mellomm\u00e5ltid", "category_list": ["Alle varer", "Barneprodukter", "Smoothie, yoghurt og mellomm\u00e5ltid"], "title": "Min Frukt Eple, Banan&Jordb\u00e6r", "price": 14.8, "product_variant": "Smoothie, 90 g", "quantity_info": [[90.0, "g"]], "image_url": "/media/uploads/public/117/326/1001526-a9a65-product_list.jpg", "unit_price_raw": "kr 164,44 per kg", "product_url": "https://kolonial.no/produkter/11245-nestle-min-frukt-eple-bananjordbaer-smoothie-90g/", "kolonial_id": "11245"},
  {"category": "Middagsglass", "category_list": ["Alle varer", "Barneprodukter", "Middagsglass"], "title": "Spagetti Bolognese \u00d8kologisk", "price": 21.1, "product_variant": "Fra 12 mnd, 190 g", "quantity_info": [[12.0, "mnd"], [190.0, "g"]], "image_url": "/media/uploads/public/255/95/973295-6c0b8-product_list.jpg", "unit_price_raw": "kr 111,05 per kg", "product_url": "https://kolonial.no/produkter/26187-nestle-spagetti-bolognese-okologisk-fra-12-mnd/", "kolonial_id": "26187"},
  {"category": "Julens middagstilbeh\u00f8r", "category_list": ["Alle varer", "Middager og tilbeh\u00f8r", "Julens middagstilbeh\u00f8r"], "title": "Risgr\u00f8t", "price": 21.1, "product_variant": "460 g", "quantity_info": [[460.0, "g"]], "image_url": "/media/uploads/public/92/279/155879-70f0b-product_list.jpg", "unit_price_raw": "kr 45,87 per kg", "product_url": "https://kolonial.no/produkter/98-fjordland-risgrot/", "kolonial_id": "98"},
  {"category": "Poser og folie", "category_list": ["Alle varer", "Husholdning og tekstil", "Poser og folie"], "title": "Frysepose", "price": 11.3, "product_variant": "4l, 40 stk", "quantity_info": [[4.0, "l"], [40.0, "stk"]], "image_url": "/media/uploads/public/263/233/972233-14d5c-product_list.jpg", "unit_price_raw": "kr 0,28 per stk", "product_url": "https://kolonial.no/produkter/5227-soft-style-frysepose-4l/", "kolonial_id": "5227"},
  {"category": "Gr\u00f8t", "category_list": ["Alle varer", "Barneprodukter", "Gr\u00f8t"], "title": "Junior Fullkorn Jordb\u00e6r Banan", "price": 71.5, "product_variant": "Fra 1,5 \u00e5r, 480 g", "quantity_info": [[1.5, "\u00e5r"], [480.0, "g"]], "image_url": "/media/uploads/public/101/122/971322-cdc40-product_list.jpg", "unit_price_raw": "kr 148,96 per kg", "product_url": "https://kolonial.no/produkter/23404-nestle-junior-fullkorn-jordbaer-banan-fra-15-ar/", "kolonial_id": "23404"},
  {"category": "Honning og s\u00f8tp\u00e5legg", "category_list": ["Alle varer", "P\u00e5legg", "Honning og s\u00f8tp\u00e5legg"], "title": "Peanutbutter", "price": 48.1, "product_variant": "\u00d8kologisk, 350 g", "quantity_info": [[350.0, "g"]], "image_url": "/media/uploads/public/78/386/969186-d6aea-product_list.jpg", "unit_price_raw": "kr 137,43 per kg", "product_url": "https://kolonial.no/produkter/17569-mills-peanutbutter-okologisk/", "kolonial_id": "17569"},
  {"category": "Snus", "category_list": ["Alle varer", "Snus og tobakk", "Snus"], "title": "Onico Peppermint White", "price": 62.9, "product_variant": "Nikotinfri, 24 g", "quantity_info": [[24.0, "g"]], "image_url": "https://kolonial.no/static/products/img/placeholder.bffcea8d3530.png", "unit_price_raw": "kr 2620,83 per kg", "product_url": "https://kolonial.no/produkter/16047-onico-onico-peppermint-white-nikotinfri/", "kolonial_id": "16047"},
  {"category": "Snus", "category_list": ["Alle varer", "Snus og tobakk", "Snus"], "title": "General G3 No2 White Ex. Strong", "price": 92.9, "product_variant": "22 g", "quantity_info": [[22.0, "g"]], "image_url": "https://kolonial.no/static/products/img/placeholder.bffcea8d3530.png", "unit_price_raw": "kr 4222,73 per kg", "product_url": "https://kolonial.no/produkter/15969-g3-general-g3-no2-white-ex-strong/", "kolonial_id": "15969"},
  {"category": "Sigaretter", "category_list": ["Alle varer", "Snus og tobakk", "Sigaretter"], "title": "Prince Red", "price": 117.9, "product_variant": "20 stk", "quantity_info": [[20.0, "stk"]], "image_url": "https://kolonial.no/static/products/img/placeholder.bffcea8d3530.png", "unit_price_raw": "kr 5,90 per stk", "product_url": "https://kolonial.no/produkter/4012-prince-prince-red/", "kolonial_id": "4012"},
  {"category": "Salatp\u00e5legg", "category_list": ["Alle varer", "P\u00e5legg", "Salatp\u00e5legg"], "title": "Chilikreps i Aioli", "price": 44.5, "product_variant": "200 g", "quantity_info": [[200.0, "g"]], "image_url": "/media/uploads/public/274/217/971417-1a17d-product_list.jpg", "unit_price_raw": "kr 222,50 per kg", "product_url": "https://kolonial.no/produkter/15324-salatmestern-chilikreps-i-aioli/", "kolonial_id": "15324"},
  {"category": "Leverpostei", "category_list": ["Alle varer", "P\u00e5legg", "Leverpostei"], "title": "Svolv\u00e6rpostei", "price": 21.1, "product_variant": "100 g", "quantity_info": [[100.0, "g"]], "image_url": "/media/uploads/public/113/61/965261-934aa-product_list.jpg", "unit_price_raw": "kr 211,00 per kg", "product_url": "https://kolonial.no/produkter/6619-stabburet-svolvaerpostei-100g/", "kolonial_id": "6619"},
  {"category": "Majones og tubep\u00e5legg", "category_list": ["Alle varer", "P\u00e5legg", "Majones og tubep\u00e5legg"], "title": "Lettmajones", "price": 30.3, "product_variant": "330 g", "quantity_info": [[330.0, "g"]], "image_url": "/media/uploads/public/304/316/1007916-86bf5-product_list.jpg", "unit_price_raw": "kr 91,82 per kg", "product_url": "https://kolonial.no/produkter/4978-mills-lettmajones-330g/", "kolonial_id": "4978"},
  {"category": "Majones og tubep\u00e5legg", "category_list": ["Alle varer", "P\u00e5legg", "Majones og tubep\u00e5legg"], "title": "Ekte Remulade", "price": 27.1, "product_variant": "165 g", "quantity_info": [[165.0, "g"]], "image_url": "/media/uploads/public/341/353/966753-a257c-product_list.jpg", "unit_price_raw": "kr 164,24 per kg", "product_url": "https://kolonial.no/produkter/4414-mills-ekte-remulade-165g/", "kolonial_id": "4414"},
  {"category": "Syltet\u00f8y", "category_list": ["Alle varer", "P\u00e5legg", "Syltet\u00f8y"], "title": "Bl\u00e5b\u00e6rsyltet\u00f8y", "price": 59.3, "product_variant": "Naturlig Lett, 540 g", "quantity_info": [[540.0, "g"]], "image_url": "/media/uploads/public/308/308/122708-8b6b4-product_list.jpg", "unit_price_raw": "kr 109,81 per kg", "product_url": "https://kolonial.no/produkter/687-nora-blabaersyltetoy-naturlig-lett-535g/", "kolonial_id": "687"},
  {"category": "Fiskep\u00e5legg", "category_list": ["Alle varer", "P\u00e5legg", "Fiskep\u00e5legg"], "title": "Stabbur-makrell", "price": 38.1, "product_variant": "Porsjon 6x22g, 132 g", "quantity_info": [[6.0, "x"], [22.0, "g"], [132.0, "g"]], "image_url": "/media/uploads/public/47/63/965263-c468a-product_list.jpg", "unit_price_raw": "kr 288,64 per kg", "product_url": "https://kolonial.no/produkter/1181-stabburet-stabbur-makrell-porsjon-6x22g/", "kolonial_id": "1181"},
  {"category": "Kj\u00f8tt- og kyllingp\u00e5legg", "category_list": ["Alle varer", "P\u00e5legg", "Kj\u00f8tt- og kyllingp\u00e5legg"], "title": "Servelat", "price": 22.8, "product_variant": "150 g", "quantity_info": [[150.0, "g"]], "image_url": "/media/uploads/public/0/40/4840-7400b-product_list.jpg", "unit_price_raw": "kr 152,00 per kg", "product_url": "https://kolonial.no/produkter/3565-gilde-servelat-150g/", "kolonial_id": "3565"},
  {"category": "Spekemat og salami", "category_list": ["Alle varer", "P\u00e5legg", "Spekemat og salami"], "title": "Jubelsalami", "price": 71.1, "product_variant": "250 g", "quantity_info": [[250.0, "g"]], "image_url": "/media/uploads/public/256/271/970271-5b7d5-product_list.jpg", "unit_price_raw": "kr 284,40 per kg", "product_url": "https://kolonial.no/produkter/4564-grilstad-jubelsalami/", "kolonial_id": "4564"},
  {"category": "Spekemat og salami", "category_list": ["Alle varer", "P\u00e5legg", "Spekemat og salami"], "title": "Tr\u00f8nderf\u00e5r", "price": 63.5, "product_variant": "210 g", "quantity_info": [[210.0, "g"]], "image_url": "/media/uploads/public/33/229/970629-44e9b-product_list.jpg", "unit_price_raw": "kr 302,38 per kg", "product_url": "https://kolonial.no/produkter/21919-grilstad-tronderfar/", "kolonial_id": "21919"},
  {"category": "Kattemat", "category_list": ["Alle varer", "Dyremat", "Kattemat"], "title": "Gourmet Crystal Soup Tunfisk & Reker", "price": 10.9, "product_variant": "40 g", "quantity_info": [[40.0, "g"]], "image_url": "/media/uploads/public/306/382/636782-cd710-product_list.jpg", "unit_price_raw": "kr 272,50 per kg", "product_url": "https://kolonial.no/produkter/26920-gourmet-gold-gourmet-crystal-soup-tunfisk-reker/", "kolonial_id": "26920"},
  {"category": "Kattemat", "category_list": ["Alle varer", "Dyremat", "Kattemat"], "title": "Oksekj\u00f8tt", "price": 143.5, "product_variant": "3,8 kg", "quantity_info": [[3.8, "kg"]], "image_url": "/media/uploads/public/57/300/969500-b76f7-product_list.jpg", "unit_price_raw": "kr 37,76 per kg", "product_url": "https://kolonial.no/produkter/13891-whiskas-oksekjott-375kg/", "kolonial_id": "13891"},
  {"category": "Fl\u00f8te og r\u00f8mmeprodukter", "category_list": ["Alle varer", "Melk, meieriprodukter og egg", "Fl\u00f8te og r\u00f8mmeprodukter"], "title": "Lettr\u00f8mme", "price": 22.1, "product_variant": "\u00d8kologisk, 300 g", "quantity_info": [[300.0, "g"]], "image_url": "/media/uploads/public/0/211/2611-bf0fb-product_list.jpg", "unit_price_raw": "kr 73,67 per kg", "product_url": "https://kolonial.no/produkter/2254-tine-lettromme-okologisk-300g/", "kolonial_id": "2254"},
  {"category": "Yoghurt", "category_list": ["Alle varer", "Melk, meieriprodukter og egg", "Yoghurt"], "title": "Yoghurt Mix No1", "price": 20.8, "product_variant": "6x50g, 300 g", "quantity_info": [[6.0, "x"], [50.0, "g"], [300.0, "g"]], "image_url": "/media/uploads/public/356/33/966833-50930-product_list.jpg", "unit_price_raw": "kr 69,33 per kg", "product_url": "https://kolonial.no/produkter/2377-danonino-yoghurt-mix-no1-6x50g/", "kolonial_id": "2377"},
  {"category": "Sm\u00f8r og margarin", "category_list": ["Alle varer", "Melk, meieriprodukter og egg", "Sm\u00f8r og margarin"], "title": "Margarin Vita Hjertego'", "price": 30.1, "product_variant": "370 g", "quantity_info": [[370.0, "g"]], "image_url": "/media/uploads/public/134/239/967039-d88b3-product_list.jpg", "unit_price_raw": "kr 81,35 per kg", "product_url": "https://kolonial.no/produkter/3586-vita-hjertego-margarin-vita-hjertego-370g/", "kolonial_id": "3586"},
  {"category": "Sm\u00f8r og margarin", "category_list": ["Alle varer", "Melk, meieriprodukter og egg", "Sm\u00f8r og margarin"], "title": "Soft Flora", "price": 35.3, "product_variant": "Spesial, 380 g", "quantity_info": [[380.0, "g"]], "image_url": "/media/uploads/public/304/364/971964-24126-product_list.jpg", "unit_price_raw": "kr 92,89 per kg", "product_url": "https://kolonial.no/produkter/93-soft-flora-soft-flora-spesial-380g/", "kolonial_id": "93"},
  {"category": "Energidrikk", "category_list": ["Alle varer", "Drikkevarer", "Energidrikk"], "title": "Yt Restitusjonsdrikk Kakao", "price": 26.6, "product_variant": "330 ml", "quantity_info": [[330.0, "ml"]], "image_url": "/media/uploads/public/139/246/1021446-b01ee-product_list.jpg", "unit_price_raw": "kr 80,61 per l", "product_url": "https://kolonial.no/produkter/8167-tine-yt-restitusjonsdrikk-kakao-033l/", "kolonial_id": "8167"},
  {"category": "Energidrikk", "category_list": ["Alle varer", "Drikkevarer", "Energidrikk"], "title": "YT Restitusjonsdrikk Sjokolade & Kokos", "price": 24.9, "product_variant": "330 ml", "quantity_info": [[330.0, "ml"]], "image_url": "/media/uploads/public/121/277/248677-8f7b3-product_list.jpg", "unit_price_raw": "kr 75,45 per l", "product_url": "https://kolonial.no/produkter/25473-tine-yt-restitusjonsdrikk-sjokolade-kokos/", "kolonial_id": "25473"},
  {"category": "Te", "category_list": ["Alle varer", "Drikkevarer", "Te"], "title": "Sitron Te", "price": 49.9, "product_variant": "25 stk", "quantity_info": [[25.0, "stk"]], "image_url": "/media/uploads/public/276/339/973139-e76fc-product_list.jpg", "unit_price_raw": "kr 2,00 per stk", "product_url": "https://kolonial.no/produkter/27187-twinings-sitron-te/", "kolonial_id": "27187"},
  {"category": "Te", "category_list": ["Alle varer", "Drikkevarer", "Te"], "title": "Solb\u00e6rte", "price": 45.9, "product_variant": "25 stk", "quantity_info": [[25.0, "stk"]], "image_url": "/media/uploads/public/148/332/973132-de77e-product_list.jpg", "unit_price_raw": "kr 1,84 per stk", "product_url": "https://kolonial.no/produkter/27186-twinings-solbaerte/", "kolonial_id": "27186"},
  {"category": "Kaffe", "category_list": ["Alle varer", "Drikkevarer", "Kaffe"], "title": "Original Filtermalt Kaffe", "price": 28.2, "product_variant": "250 g", "quantity_info": [[250.0, "g"]], "image_url": "/media/uploads/public/343/98/965698-525f2-product_list.jpg", "unit_price_raw": "kr 112,80 per kg", "product_url": "https://kolonial.no/produkter/6040-kjeldsberg-kaffebrenneri-original-filtermalt-kaffe/", "kolonial_id": "6040"},
  {"category": "Iste", "category_list": ["Alle varer", "Drikkevarer", "Iste"], "title": "Iste Mango", "price": 14.5, "product_variant": "Pulver, 1 l", "quantity_info": [[1.0, "l"]], "image_url": "/media/uploads/public/190/47/967247-42c03-product_list.jpg", "unit_price_raw": "kr 14,50 per l", "product_url": "https://kolonial.no/produkter/13960-lipton-iste-mango-pulver-1l/", "kolonial_id": "13960"},
  {"category": "Saft", "category_list": ["Alle varer", "Drikkevarer", "Saft"], "title": "Rips & Bringeb\u00e6rsaft", "price": 43.5, "product_variant": "0,7 l", "quantity_info": [[0.7, "l"]], "image_url": "/media/uploads/public/283/212/661812-94ead-product_list.jpg", "unit_price_raw": "kr 62,14 per l", "product_url": "https://kolonial.no/produkter/27174-lerum-rips-bringebaersaft/", "kolonial_id": "27174"},
  {"category": "Smoothie", "category_list": ["Alle varer", "Drikkevarer", "Smoothie"], "title": "Smoothie Gulrot & Ingef\u00e6r", "price": 20.9, "product_variant": "250 ml", "quantity_info": [[250.0, "ml"]], "image_url": "/media/uploads/public/340/87/158087-605b5-product_list.jpg", "unit_price_raw": "kr 83,60 per l", "product_url": "https://kolonial.no/produkter/24285-froosh-smoothie-gulrot-ingefaer/", "kolonial_id": "24285"},
  {"category": "Juice", "category_list": ["Alle varer", "Drikkevarer", "Juice"], "title": "Pure Ginger", "price": 20.9, "product_variant": "Ingef\u00e6r & Sitron, 80 ml", "quantity_info": [[80.0, "ml"]], "image_url": "/media/uploads/public/155/191/973391-56c32-product_list.jpg", "unit_price_raw": "kr 261,25 per l", "product_url": "https://kolonial.no/produkter/27337-juiceriet-pure-ginger-ingefaer-sitron/", "kolonial_id": "27337"},
  {"category": "Vann og mineralvann", "category_list": ["Alle varer", "Drikkevarer", "Vann og mineralvann"], "title": "Imsdal Vann Barn", "price": 18.2, "product_variant": "Med Sportscap, 0,3 l", "quantity_info": [[0.3, "l"]], "image_url": "/media/uploads/public/54/244/128244-6a7d1-product_list.jpg", "unit_price_raw": "kr 60,67 per l", "product_url": "https://kolonial.no/produkter/19918-imsdal-imsdal-vann-barn-med-sportscap/", "kolonial_id": "19918"},
  {"category": "Sm\u00f8reost og prim", "category_list": ["Alle varer", "Oster", "Sm\u00f8reost og prim"], "title": "Sn\u00f8frisk Lett Gressl\u00f8k", "price": 29.8, "product_variant": "125 g", "quantity_info": [[125.0, "g"]], "image_url": "/media/uploads/public/391/303/248703-af03c-product_list.jpg", "unit_price_raw": "kr 238,40 per kg", "product_url": "https://kolonial.no/produkter/25481-tine-snofrisk-lett-gresslok/", "kolonial_id": "25481"},
  {"category": "Sm\u00f8reost og prim", "category_list": ["Alle varer", "Oster", "Sm\u00f8reost og prim"], "title": "Saint Agur Creme", "price": 59.3, "product_variant": "150 g", "quantity_info": [[150.0, "g"]], "image_url": "/media/uploads/public/0/137/64537-53b2f-product_list.jpg", "unit_price_raw": "kr 395,33 per kg", "product_url": "https://kolonial.no/produkter/18649-saint-agur-creme/", "kolonial_id": "18649"},
  {"category": "Brunost", "category_list": ["Alle varer", "Oster", "Brunost"], "title": "Synn\u00f8ve Gudbrandsdalsost", "price": 40.5, "product_variant": "480 g", "quantity_info": [[480.0, "g"]], "image_url": "/media/uploads/public/275/137/969737-593ad-product_list.jpg", "unit_price_raw": "kr 84,38 per kg", "product_url": "https://kolonial.no/produkter/4795-synnove-synnove-gudbrandsdalsost-500g/", "kolonial_id": "4795"},
  {"category": "Bleier", "category_list": ["Alle varer", "Barneprodukter", "Bleier"], "title": "Libero Up&Go", "price": 57.3, "product_variant": "Str.8 19-30kg, 16 stk", "quantity_info": [[819.0, ""], [30.0, "kg"], [16.0, "stk"]], "image_url": "/media/uploads/public/43/40/1000840-dbd69-product_list.jpg", "unit_price_raw": "kr 3,58 per stk", "product_url": "https://kolonial.no/produkter/1927-libero-libero-go-str8-19-30kg/", "kolonial_id": "1927"},
  {"category": "Spesialoster", "category_list": ["Alle varer", "Oster", "Spesialoster"], "title": "Fetaost", "price": 38.8, "product_variant": "200 g", "quantity_info": [[200.0, "g"]], "image_url": "/media/uploads/public/33/296/968696-723cc-product_list.jpg", "unit_price_raw": "kr 194,00 per kg", "product_url": "https://kolonial.no/produkter/16395-rema-1000-fetaost/", "kolonial_id": "16395"},
  {"category": "Spesialoster", "category_list": ["Alle varer", "Oster", "Spesialoster"], "title": "Apetina Classic", "price": 29.2, "product_variant": "200 g", "quantity_info": [[200.0, "g"]], "image_url": "/media/uploads/public/15/271/647471-2951d-product_list.jpg", "unit_price_raw": "kr 146,00 per kg", "product_url": "https://kolonial.no/produkter/4480-arla-apetina-classic/", "kolonial_id": "4480"},
  {"category": "Julens p\u00e5legg", "category_list": ["Alle varer", "P\u00e5legg", "Julens p\u00e5legg"], "title": "Mortadella", "price": 80.9, "product_variant": "Str\u00f8m-Larsen, 200 g", "quantity_info": [[200.0, "g"]], "image_url": "/media/uploads/public/0/62/66862-38f1e-product_list.jpg", "unit_price_raw": "kr 404,50 per kg", "product_url": "https://kolonial.no/produkter/18478-strom-larsen-mortadella-strom-larsen/", "kolonial_id": "18478"},
  {"category": "Brus", "category_list": ["Alle varer", "Drikkevarer", "Brus"], "title": "Solo Super", "price": 33.3, "product_variant": "1,5 l", "quantity_info": [[1.5, "l"]], "image_url": "/media/uploads/public/0/349/20749-20711-product_list.jpg", "unit_price_raw": "kr 22,20 per l", "product_url": "https://kolonial.no/produkter/12604-ringnes-solo-super-15l/", "kolonial_id": "12604"},
  {"category": "Hundemat", "category_list": ["Alle varer", "Dyremat", "Hundemat"], "title": "Jumbone Medium", "price": 32.6, "product_variant": "200 g", "quantity_info": [[200.0, "g"]], "image_url": "/media/uploads/public/169/33/155233-2bc04-product_list.jpg", "unit_price_raw": "kr 163,00 per kg", "product_url": "https://kolonial.no/produkter/25045-pedigree-jumbone-medium/", "kolonial_id": "25045"},
  {"category": "Taco", "category_list": ["Alle varer", "Pizza og taco", "Taco"], "title": "Taco Shells", "price": 13.5, "product_variant": "12pk, 156 g", "quantity_info": [[12.0, "pk"], [156.0, "g"]], "image_url": "/media/uploads/public/50/148/715348-1597b-product_list.jpg", "unit_price_raw": "kr 86,54 per kg", "product_url": "https://kolonial.no/produkter/7354-old-el-paso-taco-shells-12pk/", "kolonial_id": "7354"},
  {"category": "Taco", "category_list": ["Alle varer", "Pizza og taco", "Taco"], "title": "Taco Shells", "price": 12.9, "product_variant": "135 g", "quantity_info": [[135.0, "g"]], "image_url": "/media/uploads/public/239/226/156626-7a53c-product_list.jpg", "unit_price_raw": "kr 95,56 per kg", "product_url": "https://kolonial.no/produkter/8490-rema-1000-taco-shells-135g/", "kolonial_id": "8490"},
  {"category": "Buljong og fond", "category_list": ["Alle varer", "Olje og krydder", "Buljong og fond"], "title": "Gr\u00f8nnsaksbuljong Gj\u00e6rfri", "price": 66.2, "product_variant": "\u00d8kologisk, 130 g", "quantity_info": [[130.0, "g"]], "image_url": "/media/uploads/public/0/129/83329-bbed6-product_list.jpg", "unit_price_raw": "kr 509,23 per kg", "product_url": "https://kolonial.no/produkter/20371-helios-gronnsaksbuljong-gjaerfri-okologisk/", "kolonial_id": "20371"},
  {"category": "Ketchup og sennep", "category_list": ["Alle varer", "Olje og krydder", "Ketchup og sennep"], "title": "Honey Dijon Sennep", "price": 39.1, "product_variant": "230 g", "quantity_info": [[230.0, "g"]], "image_url": "/media/uploads/public/210/144/262544-82c1f-product_list.jpg", "unit_price_raw": "kr 170,00 per kg", "product_url": "https://kolonial.no/produkter/25536-maille-honey-dijon-sennep/", "kolonial_id": "25536"},
  {"category": "Ketchup og sennep", "category_list": ["Alle varer", "Olje og krydder", "Ketchup og sennep"], "title": "Grov Sennep", "price": 14.8, "product_variant": "275 g", "quantity_info": [[275.0, "g"]], "image_url": "/media/uploads/public/205/21/965221-584b8-product_list.jpg", "unit_price_raw": "kr 53,82 per kg", "product_url": "https://kolonial.no/produkter/1167-idun-grov-sennep-275g/", "kolonial_id": "1167"},
  {"category": "Deodorant", "category_list": ["Alle varer", "Hygieneartikler", "Deodorant"], "title": "Power Dry Roll-On", "price": 43.1, "product_variant": "50 ml", "quantity_info": [[50.0, "ml"]], "image_url": "/media/uploads/public/72/167/999767-4f1ec-product_list.jpg", "unit_price_raw": "kr 862,00 per l", "product_url": "https://kolonial.no/produkter/25041-sterilan-power-dry-roll-/", "kolonial_id": "25041"},
  {"category": "Melk", "category_list": ["Alle varer", "Melk, meieriprodukter og egg", "Melk"], "title": "Q Melk Skummet", "price": 16.5, "product_variant": "1 l", "quantity_info": [[1.0, "l"]], "image_url": "/media/uploads/public/164/18/969218-1fcc8-product_list.jpg", "unit_price_raw": "kr 16,50 per l", "product_url": "https://kolonial.no/produkter/17734-q-meieriene-q-melk-skummet/", "kolonial_id": "17734"},
  {"category": "Melk", "category_list": ["Alle varer", "Melk, meieriprodukter og egg", "Melk"], "title": "TineMelk Skummet", "price": 14.9, "product_variant": "0,1%, 1 l", "quantity_info": [[0.1, ""], [1.0, "l"]], "image_url": "/media/uploads/public/321/132/122532-29344-product_list.jpg", "unit_price_raw": "kr 14,90 per l", "product_url": "https://kolonial.no/produkter/132-tine-tinemelk-skummet-1-liter/", "kolonial_id": "132"},
  {"category": "Barbering", "category_list": ["Alle varer", "Hygieneartikler", "Barbering"], "title": "Barberskum Regular Skum", "price": 28.5, "product_variant": "200 ml", "quantity_info": [[200.0, "ml"]], "image_url": "/media/uploads/public/143/86/965286-67b07-product_list.jpg", "unit_price_raw": "kr 142,50 per l", "product_url": "https://kolonial.no/produkter/15444-gillette-barberskum-regular-skum/", "kolonial_id": "15444"},
  {"category": "Barnes\u00e5pe og babyolje", "category_list": ["Alle varer", "Shampo, s\u00e5pe og krem", "Barnes\u00e5pe og babyolje"], "title": "First Touch Zink Salve", "price": 29.1, "product_variant": "80 ml", "quantity_info": [[80.0, "ml"]], "image_url": "/media/uploads/public/59/7/968407-bd16c-product_list.jpg", "unit_price_raw": "kr 363,75 per l", "product_url": "https://kolonial.no/produkter/15738-natusan-first-touch-zink-salve/", "kolonial_id": "15738"},
  {"category": "Bomull og ansiktsrens", "category_list": ["Alle varer", "Hygieneartikler", "Bomull og ansiktsrens"], "title": "Fresh Intimservietter", "price": 28.4, "product_variant": "10 stk", "quantity_info": [[10.0, "stk"]], "image_url": "/media/uploads/public/67/158/972158-f15b9-product_list.jpg", "unit_price_raw": "kr 2,84 per stk", "product_url": "https://kolonial.no/produkter/14086-asan-fresh-intimservietter-10stk/", "kolonial_id": "14086"},
  {"category": "Bomull og ansiktsrens", "category_list": ["Alle varer", "Hygieneartikler", "Bomull og ansiktsrens"], "title": "Ansiktsservietter", "price": 14.8, "product_variant": "25 stk", "quantity_info": [[25.0, "stk"]], "image_url": "/media/uploads/public/296/389/1015589-ba231-product_list.jpg", "unit_price_raw": "kr 0,59 per stk", "product_url": "https://kolonial.no/produkter/5206-soft-style-ansiktsservietter-25stk/", "kolonial_id": "5206"},
  {"category": "Krydder", "category_list": ["Alle varer", "Olje og krydder", "Krydder"], "title": "Rosmarin", "price": 44.7, "product_variant": "T\u00f8rket, 42 g", "quantity_info": [[42.0, "g"]], "image_url": "/media/uploads/public/88/351/965551-931f5-product_list.jpg", "unit_price_raw": "kr 1064,29 per kg", "product_url": "https://kolonial.no/produkter/6229-toro-rosmarin-torket-42g/", "kolonial_id": "6229"},
  {"category": "Helsekost", "category_list": ["Alle varer", "Legemidler og helsekost", "Helsekost"], "title": "B-vitamin", "price": 55.0, "product_variant": "75 stk", "quantity_info": [[75.0, "stk"]], "image_url": "/media/uploads/public/153/398/964398-63084-product_list.jpg", "unit_price_raw": "kr 0,73 per stk", "product_url": "https://kolonial.no/produkter/876-b-vitamin-75stk-collett/", "kolonial_id": "876"},
  {"category": "Helsekost", "category_list": ["Alle varer", "Legemidler og helsekost", "Helsekost"], "title": "C-max Appelsin", "price": 55.0, "product_variant": "90 stk", "quantity_info": [[90.0, "stk"]], "image_url": "/media/uploads/public/166/193/968993-9e6d5-product_list.jpg", "unit_price_raw": "kr 0,61 per stk", "product_url": "https://kolonial.no/produkter/875-collett-c-max-appelsin-90stk/", "kolonial_id": "875"},
  {"category": "Proteinbar og m\u00fcslibar", "category_list": ["Alle varer", "Legemidler og helsekost", "Proteinbar og m\u00fcslibar"], "title": "Sm\u00e5sulten N\u00f8ttebar", "price": 21.0, "product_variant": "42 g", "quantity_info": [[42.0, "g"]], "image_url": "/media/uploads/public/152/317/185917-be50d-product_list.jpg", "unit_price_raw": "kr 500,00 per kg", "product_url": "https://kolonial.no/produkter/25307-polly-smasulten-nottebar/", "kolonial_id": "25307"},
  {"category": "Bind og tamponger", "category_list": ["Alle varer", "Hygieneartikler", "Bind og tamponger"], "title": "Always Ultra Normal", "price": 26.5, "product_variant": "16 stk", "quantity_info": [[16.0, "stk"]], "image_url": "/media/uploads/public/0/330/1930-613ec-product_list.jpg", "unit_price_raw": "kr 1,66 per stk", "product_url": "https://kolonial.no/produkter/1789-always-always-ultra-normal-16-stk/", "kolonial_id": "1789"},
  {"category": "Kluter, svamper og hansker", "category_list": ["Alle varer", "T\u00f8rkepapir og vaskemidler", "Kluter, svamper og hansker"], "title": "Mikrofiber Chiffoklut", "price": 18.8, "product_variant": "5 stk", "quantity_info": [[5.0, "stk"]], "image_url": "/media/uploads/public/310/385/966385-527e5-product_list.jpg", "unit_price_raw": "kr 3,76 per stk", "product_url": "https://kolonial.no/produkter/5044-soft-style-mikrofiber-chiffoklut-5stk/", "kolonial_id": "5044"},
  {"category": "Shampo og h\u00e5rprodukter", "category_list": ["Alle varer", "Shampo, s\u00e5pe og krem", "Shampo og h\u00e5rprodukter"], "title": "Dream Length Shampo", "price": 39.9, "product_variant": "250 ml", "quantity_info": [[250.0, "ml"]], "image_url": "/media/uploads/public/222/220/973420-347e7-product_list.jpg", "unit_price_raw": "kr 159,60 per l", "product_url": "https://kolonial.no/produkter/27313-elvital-dream-length-shampo/", "kolonial_id": "27313"},
  {"category": "Shampo og h\u00e5rprodukter", "category_list": ["Alle varer", "Shampo, s\u00e5pe og krem", "Shampo og h\u00e5rprodukter"], "title": "Dream Length Balsam", "price": 39.9, "product_variant": "200 ml", "quantity_info": [[200.0, "ml"]], "image_url": "/media/uploads/public/271/211/973411-15808-product_list.jpg", "unit_price_raw": "kr 199,50 per l", "product_url": "https://kolonial.no/produkter/27312-elvital-dream-length-balsam/", "kolonial_id": "27312"},
  {"category": "Krem", "category_list": ["Alle varer", "Shampo, s\u00e5pe og krem", "Krem"], "title": "Bodylotion", "price": 42.2, "product_variant": "200 ml", "quantity_info": [[200.0, "ml"]], "image_url": "/media/uploads/public/41/118/971318-c2918-product_list.jpg", "unit_price_raw": "kr 211,00 per l", "product_url": "https://kolonial.no/produkter/23645-organic-circle-bodylotion/", "kolonial_id": "23645"},
  {"category": "Gulost", "category_list": ["Alle varer", "Oster", "Gulost"], "title": "Norvegia Fyldig", "price": 112.9, "product_variant": "830 g", "quantity_info": [[830.0, "g"]], "image_url": "/media/uploads/public/309/85/966485-2a56d-product_list.jpg", "unit_price_raw": "kr 136,02 per kg", "product_url": "https://kolonial.no/produkter/8248-tine-norvegia-fyldig/", "kolonial_id": "8248"},
  {"category": "Oppvask", "category_list": ["Alle varer", "T\u00f8rkepapir og vaskemidler", "Oppvask"], "title": "Zalo Oppvaskspray", "price": 39.7, "product_variant": "500 ml", "quantity_info": [[500.0, "ml"]], "image_url": "/media/uploads/public/6/365/964765-fcc7f-product_list.jpg", "unit_price_raw": "kr 79,40 per l", "product_url": "https://kolonial.no/produkter/1603-zalo-zalo-oppvaskspray-500ml/", "kolonial_id": "1603"},
  {"category": "Oppvask", "category_list": ["Alle varer", "T\u00f8rkepapir og vaskemidler", "Oppvask"], "title": "H\u00e5nds\u00e5pe", "price": 56.0, "product_variant": "Kj\u00f8kken, 300 ml", "quantity_info": [[300.0, "ml"]], "image_url": "/media/uploads/public/197/92/985292-1822d-product_list.jpg", "unit_price_raw": "kr 186,67 per l", "product_url": "https://kolonial.no/produkter/391-sunlight-handsape-kjokken-250ml/", "kolonial_id": "391"},
  {"category": "Fryst pizza", "category_list": ["Alle varer", "Pizza og taco", "Fryst pizza"], "title": "Grandiosa Spesial Pepperoni", "price": 58.9, "product_variant": "530 g", "quantity_info": [[530.0, "g"]], "image_url": "/media/uploads/public/4/359/164759-e75da-product_list.jpg", "unit_price_raw": "kr 111,13 per kg", "product_url": "https://kolonial.no/produkter/25284-grandiosa-grandiosa-spesial-pepperoni/", "kolonial_id": "25284"},
  {"category": "Tannpleie", "category_list": ["Alle varer", "Hygieneartikler", "Tannpleie"], "title": "Jordan Tannb\u00f8rste", "price": 33.8, "product_variant": "0-2 \u00e5r, Assortert Farge, 1 stk", "quantity_info": [[0.0, ""], [2.0, "\u00e5rAssortertFarge"], [1.0, "stk"]], "image_url": "/media/uploads/public/355/314/973914-fd5cd-product_list.jpg", "unit_price_raw": "kr 33,80 per stk", "product_url": "https://kolonial.no/produkter/2020-jordan-jordan-tannborste-0-2-ar-assortert-farge/", "kolonial_id": "2020"},
  {"category": "Vaskemidler", "category_list": ["Alle varer", "T\u00f8rkepapir og vaskemidler", "Vaskemidler"], "title": "Prima Klor", "price": 9.9, "product_variant": "1,5 l", "quantity_info": [[1.5, "l"]], "image_url": "/media/uploads/public/178/363/971963-a732c-product_list.jpg", "unit_price_raw": "kr 6,60 per l", "product_url": "https://kolonial.no/produkter/8738-prima-klor/", "kolonial_id": "8738"},
  {"category": "Frossen fisk og sj\u00f8mat", "category_list": ["Alle varer", "Fisk og sj\u00f8mat", "Frossen fisk og sj\u00f8mat"], "title": "Fiskegrateng Sm\u00e5rettbacon", "price": 60.5, "product_variant": "530 g", "quantity_info": [[530.0, "g"]], "image_url": "/media/uploads/public/226/355/969955-8dcd4-product_list.jpg", "unit_price_raw": "kr 114,15 per kg", "product_url": "https://kolonial.no/produkter/19393-findus-fiskegrateng-smarettbacon/", "kolonial_id": "19393"},
  {"category": "Revet ost", "category_list": ["Alle varer", "Oster", "Revet ost"], "title": "Revet Pizza ost", "price": 24.9, "product_variant": "150 g", "quantity_info": [[150.0, "g"]], "image_url": "/media/uploads/public/122/36/973636-27c29-product_list.jpg", "unit_price_raw": "kr 166,00 per kg", "product_url": "https://kolonial.no/produkter/27580-vergeer-revet-pizza-ost/", "kolonial_id": "27580"},
  {"category": "Baketilbeh\u00f8r", "category_list": ["Alle varer", "Mel og bakeingredienser", "Baketilbeh\u00f8r"], "title": "T\u00f8rrgj\u00e6r S\u00f8te Deiger", "price": 33.1, "product_variant": "5 poser, 0,06 kg", "quantity_info": [[5.0, "poser"], [0.06, "kg"]], "image_url": "/media/uploads/public/125/237/969037-bf2a7-product_list.jpg", "unit_price_raw": "kr 551,67 per kg", "product_url": "https://kolonial.no/produkter/17350-idun-torrgjaer-sote-deiger-5-poser/", "kolonial_id": "17350"},
  {"category": "Baketilbeh\u00f8r", "category_list": ["Alle varer", "Mel og bakeingredienser", "Baketilbeh\u00f8r"], "title": "Pizzagj\u00e6r", "price": 21.6, "product_variant": "5 poser, 1 stk", "quantity_info": [[5.0, "poser"], [1.0, "stk"]], "image_url": "/media/uploads/public/224/76/965676-212ff-product_list.jpg", "unit_price_raw": "kr 21,60 per stk", "product_url": "https://kolonial.no/produkter/1183-idun-pizzagjaer-5-poser/", "kolonial_id": "1183"},
  {"category": "Ferske br\u00f8d", "category_list": ["Alle varer", "Br\u00f8d og frokostblandinger", "Ferske br\u00f8d"], "title": "Familiebr\u00f8d", "price": 39.9, "product_variant": "Oppsk\u00e5ret, 770 g", "quantity_info": [[770.0, "g"]], "image_url": "/media/uploads/public/344/268/665068-36421-product_list.jpg", "unit_price_raw": "kr 51,82 per kg", "product_url": "https://kolonial.no/produkter/27237-brodverket-familiebrod-skaret/", "kolonial_id": "27237"},
  {"category": "Hermetisert sj\u00f8mat", "category_list": ["Alle varer", "Fisk og sj\u00f8mat", "Hermetisert sj\u00f8mat"], "title": "Tunfisk i Vann", "price": 11.4, "product_variant": "185 g", "quantity_info": [[185.0, "g"]], "image_url": "/media/uploads/public/77/79/136079-ba4e4-product_list.jpg", "unit_price_raw": "kr 61,62 per kg", "product_url": "https://kolonial.no/produkter/22252-tunnfisk-i-vann/", "kolonial_id": "22252"},
  {"category": "Klesvask", "category_list": ["Alle varer", "T\u00f8rkepapir og vaskemidler", "Klesvask"], "title": "Omo Color", "price": 49.9, "product_variant": "1,17 kg", "quantity_info": [[1.17, "kg"]], "image_url": "/media/uploads/public/100/359/970359-976c0-product_list.jpg", "unit_price_raw": "kr 42,65 per kg", "product_url": "https://kolonial.no/produkter/654-omo-omo-color-1-17kg/", "kolonial_id": "654"},
  {"category": "R\u00f8kt og gravet fisk", "category_list": ["Alle varer", "Fisk og sj\u00f8mat", "R\u00f8kt og gravet fisk"], "title": "Kryddersildfilet", "price": 36.7, "product_variant": "ca. 400 g", "quantity_info": [[400.0, "g"]], "image_url": "/media/uploads/public/311/16/154816-c71db-product_list.jpg", "unit_price_raw": "kr 91,75 per kg", "product_url": "https://kolonial.no/produkter/24583-godehav-kryddersildfilet/", "kolonial_id": "24583"},
  {"category": "Fersk fisk", "category_list": ["Alle varer", "Fisk og sj\u00f8mat", "Fersk fisk"], "title": "Sm\u00f8rflyndrefilet", "price": 119.0, "product_variant": "Domstein, \n                            \n\n                            Villfisk, ca. 400 g", "quantity_info": [[400.0, "g"]], "image_url": "/media/uploads/public/335/354/152754-2155b-product_list_large.jpg", "unit_price_raw": "kr 297,50 per kg", "product_url": "https://kolonial.no/produkter/24902-domstein-smortungefilet-villfisk/", "kolonial_id": "24902"},
  {"category": "Oljer og dressinger", "category_list": ["Alle varer", "Olje og krydder", "Oljer og dressinger"], "title": "Hvitvinseddik", "price": 24.5, "product_variant": "0,25 l", "quantity_info": [[0.25, "l"]], "image_url": "/media/uploads/public/218/394/973994-217b9-product_list.jpg", "unit_price_raw": "kr 98,00 per l", "product_url": "https://kolonial.no/produkter/13006-maille-hvitvinseddik-025l/", "kolonial_id": "13006"},
  {"category": "Ferdigmikser", "category_list": ["Alle varer", "Mel og bakeingredienser", "Ferdigmikser"], "title": "Pannekaker \u00d8konomipakke", "price": 30.1, "product_variant": "522 g", "quantity_info": [[522.0, "g"]], "image_url": "/media/uploads/public/288/298/967498-f52aa-product_list.jpg", "unit_price_raw": "kr 57,66 per kg", "product_url": "https://kolonial.no/produkter/6448-toro-pannekaker-okonomipakke-522g/", "kolonial_id": "6448"},
  {"category": "Tyggis og pastiller", "category_list": ["Alle varer", "Snacks og godteri", "Tyggis og pastiller"], "title": "Ricola Original Med Stevia", "price": 26.0, "product_variant": "50 g", "quantity_info": [[50.0, "g"]], "image_url": "/media/uploads/public/292/66/985266-4877d-product_list.jpg", "unit_price_raw": "kr 520,00 per kg", "product_url": "https://kolonial.no/produkter/5866-ricola-ricola-original-med-stevia-50g/", "kolonial_id": "5866"},
  {"category": "Tyggis og pastiller", "category_list": ["Alle varer", "Snacks og godteri", "Tyggis og pastiller"], "title": "Ricola Traneb\u00e6r", "price": 28.9, "product_variant": "50 g", "quantity_info": [[50.0, "g"]], "image_url": "/media/uploads/public/351/68/985268-6f14a-product_list.jpg", "unit_price_raw": "kr 578,00 per kg", "product_url": "https://kolonial.no/produkter/17803-ricola-ricola-tranebaer/", "kolonial_id": "17803"},
  {"category": "Storfe", "category_list": ["Alle varer", "Kj\u00f8tt og kylling", "Storfe"], "title": "Ytrefilet av Storfe i Skiver", "price": 39.9, "product_variant": "Prima, ca. 200 g", "quantity_info": [[200.0, "g"]], "image_url": "/media/uploads/public/236/7/998807-984b4-product_list.jpg", "unit_price_raw": "kr 199,50 per kg", "product_url": "https://kolonial.no/produkter/25936-ytrefilet-av-storfe-i-skiver-prima/", "kolonial_id": "25936"},
  {"category": "Frokostblandinger og gryn", "category_list": ["Alle varer", "Br\u00f8d og frokostblandinger", "Frokostblandinger og gryn"], "title": "Frukt Musli", "price": 34.1, "product_variant": "700 g", "quantity_info": [[700.0, "g"]], "image_url": "/media/uploads/public/53/30/972430-bb8ef-product_list.jpg", "unit_price_raw": "kr 48,71 per kg", "product_url": "https://kolonial.no/produkter/10031-axa-frukt-musli/", "kolonial_id": "10031"},
  {"category": "Bursdag", "category_list": ["Alle varer", "Barneprodukter", "Bursdag"], "title": "Servietter Rosa", "price": 42.1, "product_variant": "24 stk", "quantity_info": [[24.0, "stk"]], "image_url": "/media/uploads/public/33/15/130415-a043e-product_list.jpg", "unit_price_raw": "kr 1,75 per stk", "product_url": "https://kolonial.no/produkter/23560-festligeting-servietter-rosa/", "kolonial_id": "23560"},
  {"category": "Frosne br\u00f8d og rundstykker", "category_list": ["Alle varer", "Br\u00f8d og frokostblandinger", "Frosne br\u00f8d og rundstykker"], "title": "Miniflutes Fine", "price": 26.6, "product_variant": "15 stk, 750 g", "quantity_info": [[15.0, "stk"], [750.0, "g"]], "image_url": "/media/uploads/public/198/133/511733-9b767-product_list.jpg", "unit_price_raw": "kr 35,47 per kg", "product_url": "https://kolonial.no/produkter/26287-prima-miniflutes-fine-15-stk/", "kolonial_id": "26287"},
  {"category": "Supper", "category_list": ["Alle varer", "Middager og tilbeh\u00f8r", "Supper"], "title": "Thaisuppe Red Curry", "price": 35.0, "product_variant": "84 g", "quantity_info": [[84.0, "g"]], "image_url": "/media/uploads/public/104/257/969857-58952-product_list.jpg", "unit_price_raw": "kr 416,67 per kg", "product_url": "https://kolonial.no/produkter/19336-toro-thaisuppe-red-curry/", "kolonial_id": "19336"},
  {"category": "Supper", "category_list": ["Alle varer", "Middager og tilbeh\u00f8r", "Supper"], "title": "Glutenfri Blomk\u00e5lsuppe", "price": 26.1, "product_variant": "52 g", "quantity_info": [[52.0, "g"]], "image_url": "/media/uploads/public/268/67/987667-f7525-product_list.jpg", "unit_price_raw": "kr 501,92 per kg", "product_url": "https://kolonial.no/produkter/10760-toro-glutenfri-blomkalsuppe-52g/", "kolonial_id": "10760"},
  {"category": "Knekkebr\u00f8d", "category_list": ["Alle varer", "Br\u00f8d og frokostblandinger", "Knekkebr\u00f8d"], "title": "Frukost Fullkorn", "price": 18.3, "product_variant": "320 g", "quantity_info": [[320.0, "g"]], "image_url": "/media/uploads/public/287/120/964920-6be9e-product_list.jpg", "unit_price_raw": "kr 57,19 per kg", "product_url": "https://kolonial.no/produkter/7066-wasa-frukost-fullkorn-320g/", "kolonial_id": "7066"},
  {"category": "Langtidsholdbare br\u00f8d", "category_list": ["Alle varer", "Br\u00f8d og frokostblandinger", "Langtidsholdbare br\u00f8d"], "title": "Havrebr\u00f8d \u00d8kologisk", "price": 38.0, "product_variant": "300 g", "quantity_info": [[300.0, "g"]], "image_url": "/media/uploads/public/335/127/201727-eeab8-product_list.jpg", "unit_price_raw": "kr 126,67 per kg", "product_url": "https://kolonial.no/produkter/25391-mestemacher-havrebrod-okologisk/", "kolonial_id": "25391"},
  {"category": "Pasta og nudler", "category_list": ["Alle varer", "Middager og tilbeh\u00f8r", "Pasta og nudler"], "title": "Spaghetti", "price": 16.5, "product_variant": "500 g", "quantity_info": [[500.0, "g"]], "image_url": "/media/uploads/public/218/239/970639-a97c1-product_list.jpg", "unit_price_raw": "kr 33,00 per kg", "product_url": "https://kolonial.no/produkter/693-sopps-spaghetti/", "kolonial_id": "693"},
  {"category": "Hermetisert frukt og gr\u00f8nt", "category_list": ["Alle varer", "Frukt og gr\u00f8nt", "Hermetisert frukt og gr\u00f8nt"], "title": "Kokosmelk", "price": 16.9, "product_variant": "250 ml", "quantity_info": [[250.0, "ml"]], "image_url": "/media/uploads/public/365/43/974043-d0a46-product_list.jpg", "unit_price_raw": "kr 67,60 per l", "product_url": "https://kolonial.no/produkter/13768-rema-1000-kokosmelk-250ml/", "kolonial_id": "13768"},
  {"category": "Diverse husholdning", "category_list": ["Alle varer", "Husholdning og tekstil", "Diverse husholdning"], "title": "Spisepinner", "price": 26.7, "product_variant": "8 par, 8 stk", "quantity_info": [[8.0, "par"], [8.0, "stk"]], "image_url": "/media/uploads/public/0/390/15190-c871b-product_list.jpg", "unit_price_raw": "kr 3,34 per stk", "product_url": "https://kolonial.no/produkter/10921-blue-dragon-spisepinner-8-par/", "kolonial_id": "10921"},
  {"category": "Kj\u00f8ttdeig og karbonadedeig", "category_list": ["Alle varer", "Kj\u00f8tt og kylling", "Kj\u00f8ttdeig og karbonadedeig"], "title": "Kvernet Deig Av Storfe 5%", "price": 45.9, "product_variant": "400 g", "quantity_info": [[400.0, "g"]], "image_url": "/media/uploads/public/298/229/156629-85ed3-product_list.jpg", "unit_price_raw": "kr 114,75 per kg", "product_url": "https://kolonial.no/produkter/18352-best-pris-kvernet-deig-av-storfe-5/", "kolonial_id": "18352"},
  {"category": "Ferdigsauser", "category_list": ["Alle varer", "Middager og tilbeh\u00f8r", "Ferdigsauser"], "title": "Pastasaus Bolognese", "price": 36.9, "product_variant": "400 g", "quantity_info": [[400.0, "g"]], "image_url": "/media/uploads/public/233/355/973555-14ea8-product_list.jpg", "unit_price_raw": "kr 92,25 per kg", "product_url": "https://kolonial.no/produkter/27487-barilla-bolognese/", "kolonial_id": "27487"},
  {"category": "P\u00f8lser", "category_list": ["Alle varer", "Kj\u00f8tt og kylling", "P\u00f8lser"], "title": "Wienerp\u00f8lse", "price": 60.8, "product_variant": "Go og Mager, 520 g", "quantity_info": [[520.0, "g"]], "image_url": "/media/uploads/public/123/101/972101-162f3-product_list.jpg", "unit_price_raw": "kr 116,92 per kg", "product_url": "https://kolonial.no/produkter/23268-gilde-wienerpolse-go-og-mager/", "kolonial_id": "23268"},
  {"category": "P\u00f8lser", "category_list": ["Alle varer", "Kj\u00f8tt og kylling", "P\u00f8lser"], "title": "Wienerp\u00f8lse", "price": 43.9, "product_variant": "8 stk, 520 g", "quantity_info": [[8.0, "stk"], [520.0, "g"]], "image_url": "/media/uploads/public/117/109/972109-70878-product_list.jpg", "unit_price_raw": "kr 84,42 per kg", "product_url": "https://kolonial.no/produkter/956-gilde-wienerpolse-8-stk/", "kolonial_id": "956"},
  {"category": "Kontor", "category_list": ["Alle varer", "Husholdning og tekstil", "Kontor"], "title": "Spiralhefte Linjer A4", "price": 41.5, "product_variant": "80 ark, 1 stk", "quantity_info": [[80.0, "ark"], [1.0, "stk"]], "image_url": "/media/uploads/public/0/201/23401-ece49-product_list.jpg", "unit_price_raw": "kr 41,50 per stk", "product_url": "https://kolonial.no/produkter/10262-spiralhefte-linjer-a4-80-ark/", "kolonial_id": "10262"},
  {"category": "Kj\u00f8ttboller og karbonader", "category_list": ["Alle varer", "Kj\u00f8tt og kylling", "Kj\u00f8ttboller og karbonader"], "title": "Svenske Kj\u00f8ttboller", "price": 48.5, "product_variant": "600 g", "quantity_info": [[600.0, "g"]], "image_url": "/media/uploads/public/152/196/972596-d4176-product_list.jpg", "unit_price_raw": "kr 80,83 per kg", "product_url": "https://kolonial.no/produkter/24050-nordfjord-svenske-kjottboller/", "kolonial_id": "24050"},
  {"category": "Kj\u00f8kkenredskap", "category_list": ["Alle varer", "Husholdning og tekstil", "Kj\u00f8kkenredskap"], "title": "Skj\u00e6rebrett", "price": 64.4, "product_variant": "35x25 cm, 1 stk", "quantity_info": [[35.0, "x"], [25.0, "cm"], [1.0, "stk"]], "image_url": "/media/uploads/public/0/151/22951-8380e-product_list.jpg", "unit_price_raw": "kr 64,40 per stk", "product_url": "https://kolonial.no/produkter/11755-skjaerebrett-35x25-cm/", "kolonial_id": "11755"},
  {"category": "Kj\u00f8kkenredskap", "category_list": ["Alle varer", "Husholdning og tekstil", "Kj\u00f8kkenredskap"], "title": "Br\u00f8dbakeformer", "price": 148.3, "product_variant": "30 cm, 1 stk", "quantity_info": [[30.0, "cm"], [1.0, "stk"]], "image_url": "/media/uploads/public/0/267/23467-f3315-product_list.jpg", "unit_price_raw": "kr 148,30 per stk", "product_url": "https://kolonial.no/produkter/11812-brodbakeformer-30-cm/", "kolonial_id": "11812"},
  {"category": "Engangs og Servietter", "category_list": ["Alle varer", "Husholdning og tekstil", "Engangs og Servietter"], "title": "Plastbeger", "price": 20.9, "product_variant": "300 ml, 20 stk", "quantity_info": [[300.0, "ml"], [20.0, "stk"]], "image_url": "/media/uploads/public/0/199/22999-952b0-product_list.jpg", "unit_price_raw": "kr 1,05 per stk", "product_url": "https://kolonial.no/produkter/10442-plastbeger-300ml-20-stk/", "kolonial_id": "10442"},
  {"category": "Engangs og Servietter", "category_list": ["Alle varer", "Husholdning og tekstil", "Engangs og Servietter"], "title": "Serviett med Ballonger", "price": 15.9, "product_variant": "20 stk", "quantity_info": [[20.0, "stk"]], "image_url": "/media/uploads/public/349/41/411241-6d410-product_list.jpg", "unit_price_raw": "kr 0,80 per stk", "product_url": "https://kolonial.no/produkter/26159-soft-style-serviett-med-ballonger/", "kolonial_id": "26159"},
  {"category": "Gr\u00f8nnsaker", "category_list": ["Alle varer", "Frukt og gr\u00f8nt", "Gr\u00f8nnsaker"], "title": "Brokkoli", "price": 11.5, "product_variant": "Spania, 1 stk", "quantity_info": [[1.0, "stk"]], "image_url": "/media/uploads/public/0/179/3379-26594-product_list.jpg", "unit_price_raw": "kr 28,75 per kg", "product_url": "https://kolonial.no/produkter/9380-brokkoli-spania/", "kolonial_id": "9380"},
  {"category": "Frukt", "category_list": ["Alle varer", "Frukt og gr\u00f8nt", "Frukt"], "title": "Grapefrukt", "price": 18.4, "product_variant": "S\u00f8r Afrika, 1 stk", "quantity_info": [[1.0, "stk"]], "image_url": "/media/uploads/public/0/101/12101-1e3d9-product_list.jpg", "unit_price_raw": "kr 61,33 per kg", "product_url": "https://kolonial.no/produkter/9437-grapefrukt-sor-afrika/", "kolonial_id": "9437"},
  {"category": "Frukt", "category_list": ["Alle varer", "Frukt og gr\u00f8nt", "Frukt"], "title": "Grapefrukt, R\u00f8d", "price": 64.9, "product_variant": "\u00d8kologisk, 2 pk, S. Afrika, 500 g", "quantity_info": [[2.0, "pkSAfrika"], [500.0, "g"]], "image_url": "/media/uploads/public/391/113/641713-8dc81-product_list.jpg", "unit_price_raw": "kr 129,80 per kg", "product_url": "https://kolonial.no/produkter/27017-grapefrukt-rod-okologisk-2-pk-s-afrika/", "kolonial_id": "27017"},
  {"category": "Frossen frukt og gr\u00f8nt", "category_list": ["Alle varer", "Frukt og gr\u00f8nt", "Frossen frukt og gr\u00f8nt"], "title": "Thai-inspirert Wok", "price": 33.1, "product_variant": "500 g", "quantity_info": [[500.0, "g"]], "image_url": "/media/uploads/public/93/394/970794-a082f-product_list.jpg", "unit_price_raw": "kr 66,20 per kg", "product_url": "https://kolonial.no/produkter/22840-rema-1000-thai-inspirert-wok/", "kolonial_id": "22840"},
  {"category": "Middags-kit og gryteretter", "category_list": ["Alle varer", "Middager og tilbeh\u00f8r", "Middags-kit og gryteretter"], "title": "Ertestuing Original", "price": 19.9, "product_variant": "167 g", "quantity_info": [[167.0, "g"]], "image_url": "/media/uploads/public/375/316/965516-832d2-product_list.jpg", "unit_price_raw": "kr 119,16 per kg", "product_url": "https://kolonial.no/produkter/6361-toro-ertestuing-original/", "kolonial_id": "6361"},
  {"category": "Ris og gryn", "category_list": ["Alle varer", "Middager og tilbeh\u00f8r", "Ris og gryn"], "title": "Nirus Basmati Ris", "price": 36.9, "product_variant": "500 g", "quantity_info": [[500.0, "g"]], "image_url": "/media/uploads/public/254/166/971766-3b4b8-product_list.jpg", "unit_price_raw": "kr 73,80 per kg", "product_url": "https://kolonial.no/produkter/24009-masalamagic-nirus-basmati-ris/", "kolonial_id": "24009"},
  {"category": "Posesauser", "category_list": ["Alle varer", "Middager og tilbeh\u00f8r", "Posesauser"], "title": "Sandefjordsm\u00f8r Original", "price": 25.1, "product_variant": "0,3 l", "quantity_info": [[0.3, "l"]], "image_url": "/media/uploads/public/316/267/967467-c2381-product_list.jpg", "unit_price_raw": "kr 83,67 per l", "product_url": "https://kolonial.no/produkter/10703-toro-sandefjordsmor-original/", "kolonial_id": "10703"},
  {"category": "Posesauser", "category_list": ["Alle varer", "Middager og tilbeh\u00f8r", "Posesauser"], "title": "Hvit saus", "price": 15.6, "product_variant": "38 g", "quantity_info": [[38.0, "g"]], "image_url": "/media/uploads/public/209/293/967493-9b33c-product_list.jpg", "unit_price_raw": "kr 410,53 per kg", "product_url": "https://kolonial.no/produkter/748-toro-hvit-saus/", "kolonial_id": "748"},
  {"category": "Middagstilbeh\u00f8r", "category_list": ["Alle varer", "Middager og tilbeh\u00f8r", "Middagstilbeh\u00f8r"], "title": "Tofu Naturell", "price": 33.0, "product_variant": "SoFine, \u00d8kologisk, 250 g", "quantity_info": [[250.0, "g"]], "image_url": "/media/uploads/public/0/308/49108-85cd0-product_list.jpg", "unit_price_raw": "kr 132,00 per kg", "product_url": "https://kolonial.no/produkter/17254-tofu-naturell-sofine-okologisk/", "kolonial_id": "17254"},
  {"category": "Lys", "category_list": ["Alle varer", "Husholdning og tekstil", "Lys"], "title": "Lysr\u00f8r Master", "price": 45.9, "product_variant": "18w, Lengde 59 cm, 1 stk", "quantity_info": [[18.0, "wLengde"], [59.0, "cm"], [1.0, "stk"]], "image_url": "/media/uploads/public/0/157/45757-1ef1d-product_list.jpg", "unit_price_raw": "kr 45,90 per stk", "product_url": "https://kolonial.no/produkter/13624-lysror-master-18w-827/", "kolonial_id": "13624"},
  {"category": "N\u00f8tter", "category_list": ["Alle varer", "Snacks og godteri", "N\u00f8tter"], "title": "Valn\u00f8ttkjerner", "price": 43.6, "product_variant": "200 g", "quantity_info": [[200.0, "g"]], "image_url": "/media/uploads/public/122/327/970327-ea4c2-product_list.jpg", "unit_price_raw": "kr 218,00 per kg", "product_url": "https://kolonial.no/produkter/8310-rema-1000-valnottkjerner-200g/", "kolonial_id": "8310"},
  {"category": "Kylling, kalkun og and", "category_list": ["Alle varer", "Kj\u00f8tt og kylling", "Kylling, kalkun og and"], "title": "Kylling Nuggets", "price": 57.6, "product_variant": "300 g", "quantity_info": [[300.0, "g"]], "image_url": "/media/uploads/public/399/12/973612-8f774-product_list.jpg", "unit_price_raw": "kr 192,00 per kg", "product_url": "https://kolonial.no/produkter/27008-kylling-nuggets/", "kolonial_id": "27008"},
  {"category": "Kylling, kalkun og and", "category_list": ["Alle varer", "Kj\u00f8tt og kylling", "Kylling, kalkun og and"], "title": "Kylling L\u00e5rbiff", "price": 52.4, "product_variant": "Crispy, 300 g", "quantity_info": [[300.0, "g"]], "image_url": "/media/uploads/public/360/16/973616-61902-product_list.jpg", "unit_price_raw": "kr 174,67 per kg", "product_url": "https://kolonial.no/produkter/27007-kylling-larbiff-crispy/", "kolonial_id": "27007"},
  {"category": "Bacon og tilbeh\u00f8r", "category_list": ["Alle varer", "Kj\u00f8tt og kylling", "Bacon og tilbeh\u00f8r"], "title": "Skogsbacon", "price": 40.9, "product_variant": "ca. 200 g", "quantity_info": [[200.0, "g"]], "image_url": "/media/uploads/public/0/377/777-9e2e0-product_list.jpg", "unit_price_raw": "kr 204,50 per kg", "product_url": "https://kolonial.no/produkter/519-gilde-skogsbacon-200g/", "kolonial_id": "519"},
  {"category": "Morsmelkerstatning", "category_list": ["Alle varer", "Barneprodukter", "Morsmelkerstatning"], "title": "Nan 1 \u00d8kologisk", "price": 88.4, "product_variant": "Fra 0 mnd, 400 g", "quantity_info": [[0.0, "mnd"], [400.0, "g"]], "image_url": "/media/uploads/public/393/50/973250-2dc0f-product_list.jpg", "unit_price_raw": "kr 221,00 per kg", "product_url": "https://kolonial.no/produkter/27287-nestle-nan-1-okologisk-fra-0-mnd/", "kolonial_id": "27287"},
  {"category": "Smoothie, yoghurt og mellomm\u00e5ltid", "category_list": ["Alle varer", "Barneprodukter", "Smoothie, yoghurt og mellomm\u00e5ltid"], "title": "Min Gr\u00f8nnsak Smoothie", "price": 15.6, "product_variant": "Gresskar & Gulrot, \u00d8kologisk, 90 g", "quantity_info": [[90.0, "g"]], "image_url": "/media/uploads/public/40/134/973334-bd854-product_list.jpg", "unit_price_raw": "kr 173,33 per kg", "product_url": "https://kolonial.no/produkter/27291-nestle-min-gronnsak-smoothie-gresskar-gulrot-okolo/", "kolonial_id": "27291"},
  {"category": "Middagsglass", "category_list": ["Alle varer", "Barneprodukter", "Middagsglass"], "title": "Spaghetti Bolognese Fullkorn", "price": 23.6, "product_variant": "15-36 mnd, 250 g", "quantity_info": [[15.0, ""], [36.0, "mnd"], [250.0, "g"]], "image_url": "/media/uploads/public/41/61/966061-52ea4-product_list.jpg", "unit_price_raw": "kr 94,40 per kg", "product_url": "https://kolonial.no/produkter/5551-nestle-spaghetti-bolognese-fullkorn-15-36-mnd/", "kolonial_id": "5551"},
  {"category": "Julens middagstilbeh\u00f8r", "category_list": ["Alle varer", "Middager og tilbeh\u00f8r", "Julens middagstilbeh\u00f8r"], "title": "Tytteb\u00e6rsyltet\u00f8y", "price": 19.9, "product_variant": "1 kg", "quantity_info": [[1.0, "kg"]], "image_url": "/media/uploads/public/363/215/973015-5c786-product_list.jpg", "unit_price_raw": "kr 19,90 per kg", "product_url": "https://kolonial.no/produkter/8352-rema-1000-tyttebaersyltetoy-1kg/", "kolonial_id": "8352"},
  {"category": "Poser og folie", "category_list": ["Alle varer", "Husholdning og tekstil", "Poser og folie"], "title": "Frysepose", "price": 11.3, "product_variant": "6l, 30 stk", "quantity_info": [[6.0, "l"], [30.0, "stk"]], "image_url": "/media/uploads/public/361/102/1018502-cb925-product_list.jpg", "unit_price_raw": "kr 0,38 per stk", "product_url": "https://kolonial.no/produkter/16260-soft-style-frysepose-5l/", "kolonial_id": "16260"},
  {"category": "Gr\u00f8t", "category_list": ["Alle varer", "Barneprodukter", "Gr\u00f8t"], "title": "Lev Vel Gr\u00f8t Banan & Solb\u00e6r", "price": 12.6, "product_variant": "Fra 6 mnd, 90 g", "quantity_info": [[6.0, "mnd"], [90.0, "g"]], "image_url": "/media/uploads/public/336/313/972313-dad80-product_list.jpg", "unit_price_raw": "kr 140,00 per kg", "product_url": "https://kolonial.no/produkter/25849-rema-1000-lev-vel-grot-banan-solbaer-fra-6-mnd/", "kolonial_id": "25849"},
  {"category": "Honning og s\u00f8tp\u00e5legg", "category_list": ["Alle varer", "P\u00e5legg", "Honning og s\u00f8tp\u00e5legg"], "title": "Pean\u00f8ttsm\u00f8r", "price": 24.1, "product_variant": "350 g", "quantity_info": [[350.0, "g"]], "image_url": "/media/uploads/public/195/230/966230-d5a63-product_list.jpg", "unit_price_raw": "kr 68,86 per kg", "product_url": "https://kolonial.no/produkter/8660-rema-1000-peanottsmor-350g/", "kolonial_id": "8660"},
  {"category": "Honning og s\u00f8tp\u00e5legg", "category_list": ["Alle varer", "P\u00e5legg", "Honning og s\u00f8tp\u00e5legg"], "title": "Mandelsm\u00f8r M\u00f8rkt", "price": 133.5, "product_variant": "\u00d8kologisk, 250 g", "quantity_info": [[250.0, "g"]], "image_url": "/media/uploads/public/0/15/83215-5d1f1-product_list.jpg", "unit_price_raw": "kr 534,00 per kg", "product_url": "https://kolonial.no/produkter/20281-helios-mandelsmor-morkt-okologisk/", "kolonial_id": "20281"},
  {"category": "Snus", "category_list": ["Alle varer", "Snus og tobakk", "Snus"], "title": "Skruf Fresh #4", "price": 94.9, "product_variant": "Xtra Stark White Slim, 22 g", "quantity_info": [[22.0, "g"]], "image_url": "https://kolonial.no/static/products/img/placeholder.bffcea8d3530.png", "unit_price_raw": "kr 4313,64 per kg", "product_url": "https://kolonial.no/produkter/16080-skruf-skruf-fresh-4-xtra-stark-white-slim/", "kolonial_id": "16080"},
  {"category": "Sigaretter", "category_list": ["Alle varer", "Snus og tobakk", "Sigaretter"], "title": "Prince Red 100\u2019s", "price": 119.9, "product_variant": "20 stk", "quantity_info": [[20.0, "stk"]], "image_url": "https://kolonial.no/static/products/img/placeholder.bffcea8d3530.png", "unit_price_raw": "kr 6,00 per stk", "product_url": "https://kolonial.no/produkter/4000-prince-prince-red-100s/", "kolonial_id": "4000"},
  {"category": "Salatp\u00e5legg", "category_list": ["Alle varer", "P\u00e5legg", "Salatp\u00e5legg"], "title": "Crabsticksalat", "price": 16.4, "product_variant": "200 g", "quantity_info": [[200.0, "g"]], "image_url": "/media/uploads/public/143/344/971544-b8972-product_list.jpg", "unit_price_raw": "kr 82,00 per kg", "product_url": "https://kolonial.no/produkter/23881-salatmestern-crabsticksalat/", "kolonial_id": "23881"},
  {"category": "Leverpostei", "category_list": ["Alle varer", "P\u00e5legg", "Leverpostei"], "title": "Kyllingpostei", "price": 16.5, "product_variant": "100 g", "quantity_info": [[100.0, "g"]], "image_url": "/media/uploads/public/262/274/686674-227bc-product_list.jpg", "unit_price_raw": "kr 165,00 per kg", "product_url": "https://kolonial.no/produkter/6568-stabburet-kyllingpostei-100g/", "kolonial_id": "6568"},
  {"category": "Majones og tubep\u00e5legg", "category_list": ["Alle varer", "P\u00e5legg", "Majones og tubep\u00e5legg"], "title": "Kaviar", "price": 28.3, "product_variant": "245 g", "quantity_info": [[245.0, "g"]], "image_url": "/media/uploads/public/290/281/1007881-a74de-product_list.jpg", "unit_price_raw": "kr 115,51 per kg", "product_url": "https://kolonial.no/produkter/4819-mills-kaviar-250g/", "kolonial_id": "4819"},
  {"category": "Majones og tubep\u00e5legg", "category_list": ["Alle varer", "P\u00e5legg", "Majones og tubep\u00e5legg"], "title": "Kaviar Tube", "price": 19.4, "product_variant": "190 g", "quantity_info": [[190.0, "g"]], "image_url": "/media/uploads/public/29/82/1010882-e59f3-product_list.jpg", "unit_price_raw": "kr 102,11 per kg", "product_url": "https://kolonial.no/produkter/639-mills-kaviar-tube-185g/", "kolonial_id": "639"},
  {"category": "Syltet\u00f8y", "category_list": ["Alle varer", "P\u00e5legg", "Syltet\u00f8y"], "title": "Bringeb\u00e6rsyltet\u00f8y Lett", "price": 49.6, "product_variant": "540 g", "quantity_info": [[540.0, "g"]], "image_url": "/media/uploads/public/376/69/155269-a6da5-product_list.jpg", "unit_price_raw": "kr 91,85 per kg", "product_url": "https://kolonial.no/produkter/25088-nora-bringebaersyltetoy-lett/", "kolonial_id": "25088"},
  {"category": "Fiskep\u00e5legg", "category_list": ["Alle varer", "P\u00e5legg", "Fiskep\u00e5legg"], "title": "Laksep\u00e5legg med varmr\u00f8kt laks", "price": 36.1, "product_variant": "90 g", "quantity_info": [[90.0, "g"]], "image_url": "/media/uploads/public/399/140/968140-103a2-product_list.jpg", "unit_price_raw": "kr 401,11 per kg", "product_url": "https://kolonial.no/produkter/554-stabburet-laksepalegg-med-varmrokt-laks-90g/", "kolonial_id": "554"},
  {"category": "Kj\u00f8tt- og kyllingp\u00e5legg", "category_list": ["Alle varer", "P\u00e5legg", "Kj\u00f8tt- og kyllingp\u00e5legg"], "title": "Skinke L\u00f8vtynn", "price": 35.2, "product_variant": "110 g", "quantity_info": [[110.0, "g"]], "image_url": "/media/uploads/public/68/368/132368-419f1-product_list.jpg", "unit_price_raw": "kr 320,00 per kg", "product_url": "https://kolonial.no/produkter/16125-gilde-skinke-lovtynn/", "kolonial_id": "16125"},
  {"category": "Kj\u00f8tt- og kyllingp\u00e5legg", "category_list": ["Alle varer", "P\u00e5legg", "Kj\u00f8tt- og kyllingp\u00e5legg"], "title": "Kokt Skinke", "price": 34.9, "product_variant": "150 g", "quantity_info": [[150.0, "g"]], "image_url": "/media/uploads/public/0/292/115492-103d6-product_list.jpg", "unit_price_raw": "kr 232,67 per kg", "product_url": "https://kolonial.no/produkter/22885-gilde-kokt-skinke/", "kolonial_id": "22885"},
  {"category": "Spekemat og salami", "category_list": ["Alle varer", "P\u00e5legg", "Spekemat og salami"], "title": "Nistesalami", "price": 59.9, "product_variant": "Bordpakning, 250 g", "quantity_info": [[250.0, "g"]], "image_url": "/media/uploads/public/185/26/968426-9ed5d-product_list.jpg", "unit_price_raw": "kr 239,60 per kg", "product_url": "https://kolonial.no/produkter/15687-grilstad-nistesalami-bordpakning/", "kolonial_id": "15687"},
  {"category": "Kattemat", "category_list": ["Alle varer", "Dyremat", "Kattemat"], "title": "Oksekj\u00f8tt +1", "price": 50.7, "product_variant": "950 g", "quantity_info": [[950.0, "g"]], "image_url": "/media/uploads/public/364/203/969803-f7724-product_list.jpg", "unit_price_raw": "kr 53,37 per kg", "product_url": "https://kolonial.no/produkter/19267-whiskas-oksekjott-1/", "kolonial_id": "19267"},
  {"category": "Fl\u00f8te og r\u00f8mmeprodukter", "category_list": ["Alle varer", "Melk, meieriprodukter og egg", "Fl\u00f8te og r\u00f8mmeprodukter"], "title": "Lettr\u00f8mme", "price": 22.4, "product_variant": "Laktosefri, 300 g", "quantity_info": [[300.0, "g"]], "image_url": "/media/uploads/public/0/331/7131-eef79-product_list.jpg", "unit_price_raw": "kr 74,67 per kg", "product_url": "https://kolonial.no/produkter/1205-tine-lettromme-laktosefri-300g/", "kolonial_id": "1205"},
  {"category": "Yoghurt", "category_list": ["Alle varer", "Melk, meieriprodukter og egg", "Yoghurt"], "title": "Skyr Mini Jordb\u00e6r", "price": 16.5, "product_variant": "Pose, 90 g", "quantity_info": [[90.0, "g"]], "image_url": "/media/uploads/public/134/203/968203-3ba15-product_list.jpg", "unit_price_raw": "kr 183,33 per kg", "product_url": "https://kolonial.no/produkter/14071-q-meieriene-skyr-mini-jordbaer-pose-90g/", "kolonial_id": "14071"},
  {"category": "Yoghurt", "category_list": ["Alle varer", "Melk, meieriprodukter og egg", "Yoghurt"], "title": "Skyr Mini Banan", "price": 15.0, "product_variant": "Pose, 90 g", "quantity_info": [[90.0, "g"]], "image_url": "/media/uploads/public/203/217/968217-d8529-product_list.jpg", "unit_price_raw": "kr 166,67 per kg", "product_url": "https://kolonial.no/produkter/14068-q-meieriene-skyr-mini-banan-pose-90g/", "kolonial_id": "14068"},
  {"category": "Sm\u00f8r og margarin", "category_list": ["Alle varer", "Melk, meieriprodukter og egg", "Sm\u00f8r og margarin"], "title": "Lett Soft Flora", "price": 23.5, "product_variant": "370 g", "quantity_info": [[370.0, "g"]], "image_url": "/media/uploads/public/130/34/972434-23362-product_list.jpg", "unit_price_raw": "kr 63,51 per kg", "product_url": "https://kolonial.no/produkter/117-soft-flora-lett-soft-flora/", "kolonial_id": "117"},
  {"category": "Energidrikk", "category_list": ["Alle varer", "Drikkevarer", "Energidrikk"], "title": "YT Sportsdrikk", "price": 34.9, "product_variant": "Appelsin, 0,5 l", "quantity_info": [[0.5, "l"]], "image_url": "/media/uploads/public/271/243/1021443-ba063-product_list.jpg", "unit_price_raw": "kr 69,80 per l", "product_url": "https://kolonial.no/produkter/2323-tine-yt-sportsdrikk-appelsin-05l/", "kolonial_id": "2323"},
  {"category": "Te", "category_list": ["Alle varer", "Drikkevarer", "Te"], "title": "Gr\u00f8nn Te Chai", "price": 59.9, "product_variant": "25 stk", "quantity_info": [[25.0, "stk"]], "image_url": "/media/uploads/public/105/159/971359-98f85-product_list.jpg", "unit_price_raw": "kr 2,40 per stk", "product_url": "https://kolonial.no/produkter/23415-twinings-gronn-te-chai/", "kolonial_id": "23415"},
  {"category": "Kaffe", "category_list": ["Alle varer", "Drikkevarer", "Kaffe"], "title": "Frokostkaffe M\u00f8rkbrent", "price": 32.1, "product_variant": "Filtermalt, 250 g", "quantity_info": [[250.0, "g"]], "image_url": "/media/uploads/public/206/303/969503-ed19e-product_list.jpg", "unit_price_raw": "kr 128,40 per kg", "product_url": "https://kolonial.no/produkter/6034-kjeldsberg-kaffebrenneri-frokostkaffe-morkbrent-fi/", "kolonial_id": "6034"},
  {"category": "Kaffe", "category_list": ["Alle varer", "Drikkevarer", "Kaffe"], "title": "Kaffe, Kokemalt", "price": 28.2, "product_variant": "250 g", "quantity_info": [[250.0, "g"]], "image_url": "/media/uploads/public/340/100/965700-4d93c-product_list.jpg", "unit_price_raw": "kr 112,80 per kg", "product_url": "https://kolonial.no/produkter/15136-kjeldsberg-kaffebrenneri-kaffe-kokemalt-250g/", "kolonial_id": "15136"},
  {"category": "Iste", "category_list": ["Alle varer", "Drikkevarer", "Iste"], "title": "Iste Sitron", "price": 16.1, "product_variant": "Pulver, 1 l", "quantity_info": [[1.0, "l"]], "image_url": "/media/uploads/public/283/361/964361-db411-product_list.jpg", "unit_price_raw": "kr 16,10 per l", "product_url": "https://kolonial.no/produkter/13999-lipton-iste-sitron-pulver-1l/", "kolonial_id": "13999"},
  {"category": "Saft", "category_list": ["Alle varer", "Drikkevarer", "Saft"], "title": "Bl\u00e5b\u00e6rsaft", "price": 59.4, "product_variant": "0,7 l", "quantity_info": [[0.7, "l"]], "image_url": "/media/uploads/public/323/149/972949-502c7-product_list.jpg", "unit_price_raw": "kr 84,86 per l", "product_url": "https://kolonial.no/produkter/1265-lerum-blabaersaft/", "kolonial_id": "1265"},
  {"category": "Smoothie", "category_list": ["Alle varer", "Drikkevarer", "Smoothie"], "title": "Smoothie Sitron, Lime & Mynte", "price": 20.9, "product_variant": "250 ml", "quantity_info": [[250.0, "ml"]], "image_url": "/media/uploads/public/186/348/142348-cf9c2-product_list.jpg", "unit_price_raw": "kr 83,60 per l", "product_url": "https://kolonial.no/produkter/24274-froosh-smoothie-sitron-lime-mynte/", "kolonial_id": "24274"},
  {"category": "Juice", "category_list": ["Alle varer", "Drikkevarer", "Juice"], "title": "Charge", "price": 38.9, "product_variant": "Agurk, Eple, Spinat, Gr\u00f8nnk\u00e5l, Ingef\u00e6r & Sitron, 250 ml", "quantity_info": [[250.0, "ml"]], "image_url": "/media/uploads/public/348/286/973486-848d9-product_list.jpg", "unit_price_raw": "kr 155,60 per l", "product_url": "https://kolonial.no/produkter/27335-juiceriet-charge-agurk-eple-spinat-gronnkal-ingefa/", "kolonial_id": "27335"},
  {"category": "Vann og mineralvann", "category_list": ["Alle varer", "Drikkevarer", "Vann og mineralvann"], "title": "Imsdal Vann", "price": 21.1, "product_variant": "0,5 l", "quantity_info": [[0.5, "l"]], "image_url": "/media/uploads/public/0/314/7114-4ce70-product_list.jpg", "unit_price_raw": "kr 42,20 per l", "product_url": "https://kolonial.no/produkter/497-imsdal-imsdal-vann/", "kolonial_id": "497"},
  {"category": "Sm\u00f8reost og prim", "category_list": ["Alle varer", "Oster", "Sm\u00f8reost og prim"], "title": "Sprett Pluss Prim", "price": 29.3, "product_variant": "Helt naturlig, 300 g", "quantity_info": [[300.0, "g"]], "image_url": "/media/uploads/public/288/351/971551-491c3-product_list.jpg", "unit_price_raw": "kr 97,67 per kg", "product_url": "https://kolonial.no/produkter/996-tine-sprett-pluss-prim-helt-naturlig/", "kolonial_id": "996"},
  {"category": "Sm\u00f8reost og prim", "category_list": ["Alle varer", "Oster", "Sm\u00f8reost og prim"], "title": "Prim Lett", "price": 26.5, "product_variant": "4% fett, 300 g", "quantity_info": [[4.0, "fett"], [300.0, "g"]], "image_url": "/media/uploads/public/199/214/971414-fd68e-product_list.jpg", "unit_price_raw": "kr 88,33 per kg", "product_url": "https://kolonial.no/produkter/2275-tine-prim-lett-4-fett/", "kolonial_id": "2275"},
  {"category": "Brunost", "category_list": ["Alle varer", "Oster", "Brunost"], "title": "Gudbrandsdalsost", "price": 62.1, "product_variant": "Lettere, 500 g", "quantity_info": [[500.0, "g"]], "image_url": "/media/uploads/public/0/214/2614-7bd50-product_list.jpg", "unit_price_raw": "kr 124,20 per kg", "product_url": "https://kolonial.no/produkter/2251-tine-gudbrandsdalsost-lettere-500g/", "kolonial_id": "2251"},
  {"category": "Bleier", "category_list": ["Alle varer", "Barneprodukter", "Bleier"], "title": "Pampers Bleie Baby Dry", "price": 78.6, "product_variant": "Str.3 6-10kg, 54 stk", "quantity_info": [[36.0, ""], [10.0, "kg"], [54.0, "stk"]], "image_url": "/media/uploads/public/56/156/973756-14e70-product_list.jpg", "unit_price_raw": "kr 1,46 per stk", "product_url": "https://kolonial.no/produkter/27659-pampers-pampers-bleie-baby-dry-str3-6-10kg/", "kolonial_id": "27659"},
  {"category": "Bleier", "category_list": ["Alle varer", "Barneprodukter", "Bleier"], "title": "Pampers Bleie Baby Dry", "price": 78.6, "product_variant": "Str.4 9-14kg, 47 stk", "quantity_info": [[49.0, ""], [14.0, "kg"], [47.0, "stk"]], "image_url": "/media/uploads/public/243/154/973754-86d56-product_list.jpg", "unit_price_raw": "kr 1,67 per stk", "product_url": "https://kolonial.no/produkter/27657-pampers-pampers-bleie-baby-dry-str4-9-14kg/", "kolonial_id": "27657"},
  {"category": "Spesialoster", "category_list": ["Alle varer", "Oster", "Spesialoster"], "title": "Fetasnack Solt\u00f8rket Tomat", "price": 22.3, "product_variant": "100 g", "quantity_info": [[100.0, "g"]], "image_url": "/media/uploads/public/286/257/966657-2b13c-product_list.jpg", "unit_price_raw": "kr 223,00 per kg", "product_url": "https://kolonial.no/produkter/4603-arla-fetasnack-soltorket-tomat-100g/", "kolonial_id": "4603"},
  {"category": "Spesialoster", "category_list": ["Alle varer", "Oster", "Spesialoster"], "title": "Apetina Marinert", "price": 33.4, "product_variant": "Classic, 275 g", "quantity_info": [[275.0, "g"]], "image_url": "/media/uploads/public/59/368/996368-eb3b0-product_list.jpg", "unit_price_raw": "kr 121,45 per kg", "product_url": "https://kolonial.no/produkter/5077-arla-apetina-marinert-classic/", "kolonial_id": "5077"},
  {"category": "Julens p\u00e5legg", "category_list": ["Alle varer", "P\u00e5legg", "Julens p\u00e5legg"], "title": "Salami Skivet", "price": 100.0, "product_variant": "Str\u00f8m-Larsen, 200 g", "quantity_info": [[200.0, "g"]], "image_url": "/media/uploads/public/197/119/137319-7a2a8-product_list.jpg", "unit_price_raw": "kr 500,00 per kg", "product_url": "https://kolonial.no/produkter/23695-strom-larsen-salami-skivet-strom-larsen/", "kolonial_id": "23695"},
  {"category": "Brus", "category_list": ["Alle varer", "Drikkevarer", "Brus"], "title": "Solo Super Appelsin & Jordb\u00e6r", "price": 35.3, "product_variant": "1,5 l", "quantity_info": [[1.5, "l"]], "image_url": "/media/uploads/public/70/113/505313-36bc3-product_list.jpg", "unit_price_raw": "kr 23,53 per l", "product_url": "https://kolonial.no/produkter/19888-solo-solo-super-appelsin-jordbaer/", "kolonial_id": "19888"},
  {"category": "Hundemat", "category_list": ["Alle varer", "Dyremat", "Hundemat"], "title": "Junior Kylling & Ris", "price": 85.7, "product_variant": "2,2 kg", "quantity_info": [[2.2, "kg"]], "image_url": "/media/uploads/public/255/207/972207-6ea6a-product_list.jpg", "unit_price_raw": "kr 38,95 per kg", "product_url": "https://kolonial.no/produkter/13894-pedigree-junior-kylling-ris/", "kolonial_id": "13894"},
  {"category": "Taco", "category_list": ["Alle varer", "Pizza og taco", "Taco"], "title": "Taco Dinner Kit", "price": 10.0, "product_variant": "320 g", "quantity_info": [[320.0, "g"]], "image_url": "/media/uploads/public/161/108/642108-18e72-product_list.jpg", "unit_price_raw": "kr 31,25 per kg", "product_url": "https://kolonial.no/produkter/8682-rema-1000-taco-dinner-kit-320g/", "kolonial_id": "8682"},
  {"category": "Buljong og fond", "category_list": ["Alle varer", "Olje og krydder", "Buljong og fond"], "title": "Maizena Maisstivelse", "price": 29.6, "product_variant": "400 g", "quantity_info": [[400.0, "g"]], "image_url": "/media/uploads/public/205/312/964312-6515c-product_list.jpg", "unit_price_raw": "kr 74,00 per kg", "product_url": "https://kolonial.no/produkter/31-maizena-maizena-maisstivelse-400g/", "kolonial_id": "31"},
  {"category": "Ketchup og sennep", "category_list": ["Alle varer", "Olje og krydder", "Ketchup og sennep"], "title": "Gyllensten Sterk Sennep", "price": 50.9, "product_variant": "450 g", "quantity_info": [[450.0, "g"]], "image_url": "/media/uploads/public/64/396/664796-be4e7-product_list.jpg", "unit_price_raw": "kr 113,11 per kg", "product_url": "https://kolonial.no/produkter/24286-troll-salmon-gyllensten-sterk-sennep/", "kolonial_id": "24286"},
  {"category": "Hjemmelaget pizza", "category_list": ["Alle varer", "Pizza og taco", "Hjemmelaget pizza"], "title": "Pizzabunn Familiepakke", "price": 20.1, "product_variant": "370 g", "quantity_info": [[370.0, "g"]], "image_url": "/media/uploads/public/207/238/965438-9eb1e-product_list.jpg", "unit_price_raw": "kr 54,32 per kg", "product_url": "https://kolonial.no/produkter/6307-toro-pizzabunn-familiepakke/", "kolonial_id": "6307"},
  {"category": "Deodorant", "category_list": ["Alle varer", "Hygieneartikler", "Deodorant"], "title": "Aloe Vera Roll-On", "price": 38.9, "product_variant": "Aluminiumsfri, 50 ml", "quantity_info": [[50.0, "ml"]], "image_url": "/media/uploads/public/30/365/970365-40264-product_list.jpg", "unit_price_raw": "kr 778,00 per l", "product_url": "https://kolonial.no/produkter/21154-dr-greve-aloe-vera-roll-aluminiumsfri/", "kolonial_id": "21154"},
  {"category": "Melk", "category_list": ["Alle varer", "Melk, meieriprodukter og egg", "Melk"], "title": "Tine Helmelk", "price": 18.2, "product_variant": "1 l", "quantity_info": [[1.0, "l"]], "image_url": "/media/uploads/public/55/130/122530-62cec-product_list.jpg", "unit_price_raw": "kr 18,20 per l", "product_url": "https://kolonial.no/produkter/437-tine-tine-helmelk/", "kolonial_id": "437"},
  {"category": "Barbering", "category_list": ["Alle varer", "Hygieneartikler", "Barbering"], "title": "Engangsh\u00f8vel Venus Tropical", "price": 73.7, "product_variant": "3 stk", "quantity_info": [[3.0, "stk"]], "image_url": "/media/uploads/public/228/181/186581-5c707-product_list.jpg", "unit_price_raw": "kr 24,57 per stk", "product_url": "https://kolonial.no/produkter/25319-gillette-engangshovel-venus-tropical/", "kolonial_id": "25319"},
  {"category": "Barnes\u00e5pe og babyolje", "category_list": ["Alle varer", "Shampo, s\u00e5pe og krem", "Barnes\u00e5pe og babyolje"], "title": "Mild Care Pudder", "price": 34.1, "product_variant": "100 g", "quantity_info": [[100.0, "g"]], "image_url": "/media/uploads/public/289/74/968474-7ba8d-product_list.jpg", "unit_price_raw": "kr 341,00 per kg", "product_url": "https://kolonial.no/produkter/15735-natusan-mild-care-pudder/", "kolonial_id": "15735"},
  {"category": "Bomull og ansiktsrens", "category_list": ["Alle varer", "Hygieneartikler", "Bomull og ansiktsrens"], "title": "Q-tips", "price": 19.3, "product_variant": "206 stk", "quantity_info": [[206.0, "stk"]], "image_url": "/media/uploads/public/397/64/972464-bffd0-product_list.jpg", "unit_price_raw": "kr 0,09 per stk", "product_url": "https://kolonial.no/produkter/7126-q-tips-206-stk/", "kolonial_id": "7126"},
  {"category": "Krydder", "category_list": ["Alle varer", "Olje og krydder", "Krydder"], "title": "Dill T\u00f8rket", "price": 50.5, "product_variant": "32 g", "quantity_info": [[32.0, "g"]], "image_url": "/media/uploads/public/109/357/965557-3cb44-product_list.jpg", "unit_price_raw": "kr 1578,13 per kg", "product_url": "https://kolonial.no/produkter/6232-toro-dill-torket-32g/", "kolonial_id": "6232"},
  {"category": "Krydder", "category_list": ["Alle varer", "Olje og krydder", "Krydder"], "title": "Kvernsalt", "price": 14.9, "product_variant": "0,5 kg", "quantity_info": [[0.5, "kg"]], "image_url": "/media/uploads/public/88/3/972003-42171-product_list.jpg", "unit_price_raw": "kr 29,80 per kg", "product_url": "https://kolonial.no/produkter/17425-jozo-kvernsalt/", "kolonial_id": "17425"},
  {"category": "Helsekost", "category_list": ["Alle varer", "Legemidler og helsekost", "Helsekost"], "title": "Magnesium", "price": 99.9, "product_variant": "145 stk", "quantity_info": [[145.0, "stk"]], "image_url": "/media/uploads/public/290/92/966092-e4ea0-product_list.jpg", "unit_price_raw": "kr 0,69 per stk", "product_url": "https://kolonial.no/produkter/9761-collett-magnesium/", "kolonial_id": "9761"},
  {"category": "Proteinbar og m\u00fcslibar", "category_list": ["Alle varer", "Legemidler og helsekost", "Proteinbar og m\u00fcslibar"], "title": "Yt Restitusjonsbar", "price": 30.8, "product_variant": "Med Sjokolade, 55 g", "quantity_info": [[55.0, "g"]], "image_url": "/media/uploads/public/160/233/1021433-c03e4-product_list.jpg", "unit_price_raw": "kr 560,00 per kg", "product_url": "https://kolonial.no/produkter/8164-tine-yt-restitusjonsbar-med-sjokolade-55g/", "kolonial_id": "8164"},
  {"category": "Bind og tamponger", "category_list": ["Alle varer", "Hygieneartikler", "Bind og tamponger"], "title": "Justerbart Truseinnlegg, Ikke Klorbleket", "price": 42.1, "product_variant": "\u00d8kologisk, 30 stk", "quantity_info": [[30.0, "stk"]], "image_url": "/media/uploads/public/185/133/128133-a74b9-product_list.jpg", "unit_price_raw": "kr 1,40 per stk", "product_url": "https://kolonial.no/produkter/23461-masmi-justerbart-truseinnlegg-ikke-klorbleket-okol/", "kolonial_id": "23461"},
  {"category": "Kluter, svamper og hansker", "category_list": ["Alle varer", "T\u00f8rkepapir og vaskemidler", "Kluter, svamper og hansker"], "title": "Wipes Bad/Toalett", "price": 53.5, "product_variant": "60 stk", "quantity_info": [[60.0, "stk"]], "image_url": "/media/uploads/public/121/316/972716-2ffc2-product_list.jpg", "unit_price_raw": "kr 0,89 per stk", "product_url": "https://kolonial.no/produkter/2962-jordan-wipes-badtoalett-40stk/", "kolonial_id": "2962"},
  {"category": "Kluter, svamper og hansker", "category_list": ["Alle varer", "T\u00f8rkepapir og vaskemidler", "Kluter, svamper og hansker"], "title": "Engangsv\u00e5tmopp Allrent", "price": 82.8, "product_variant": "10 stk", "quantity_info": [[10.0, "stk"]], "image_url": "/media/uploads/public/46/199/966999-44a69-product_list.jpg", "unit_price_raw": "kr 8,28 per stk", "product_url": "https://kolonial.no/produkter/9014-jif-engangsvatmopp-allrent-10-stk/", "kolonial_id": "9014"},
  {"category": "Shampo og h\u00e5rprodukter", "category_list": ["Alle varer", "Shampo, s\u00e5pe og krem", "Shampo og h\u00e5rprodukter"], "title": "Shampo Strength & Shine", "price": 42.0, "product_variant": "Fructis, 250 ml", "quantity_info": [[250.0, "ml"]], "image_url": "/media/uploads/public/74/108/972108-b12f6-product_list.jpg", "unit_price_raw": "kr 168,00 per l", "product_url": "https://kolonial.no/produkter/12736-garnier-shampo-strenght-shine-fructis-250ml/", "kolonial_id": "12736"},
  {"category": "Krem", "category_list": ["Alle varer", "Shampo, s\u00e5pe og krem", "Krem"], "title": "Revitalift Anti-Rynke Dagkrem", "price": 97.2, "product_variant": "Dermo Expertise, 50 ml", "quantity_info": [[50.0, "ml"]], "image_url": "/media/uploads/public/250/321/964321-4261b-product_list.jpg", "unit_price_raw": "kr 1944,00 per l", "product_url": "https://kolonial.no/produkter/12703-loreal-revitalift-anti-rynke-dagkrem-dermo-experti/", "kolonial_id": "12703"},
  {"category": "Gulost", "category_list": ["Alle varer", "Oster", "Gulost"], "title": "Norvegia Fyldig Skivet", "price": 51.5, "product_variant": "250 g", "quantity_info": [[250.0, "g"]], "image_url": "/media/uploads/public/75/134/966534-b72ff-product_list.jpg", "unit_price_raw": "kr 206,00 per kg", "product_url": "https://kolonial.no/produkter/8242-tine-norvegia-fyldig-skivet-250g/", "kolonial_id": "8242"},
  {"category": "Gulost", "category_list": ["Alle varer", "Oster", "Gulost"], "title": "Gulost", "price": 85.9, "product_variant": "ca. 1 kg", "quantity_info": [[1.0, "kg"]], "image_url": "/media/uploads/public/9/68/972068-3d9eb-product_list.jpg", "unit_price_raw": "kr 85,90 per kg", "product_url": "https://kolonial.no/produkter/4969-synnove-gulost/", "kolonial_id": "4969"},
  {"category": "Oppvask", "category_list": ["Alle varer", "T\u00f8rkepapir og vaskemidler", "Oppvask"], "title": "Oppvaskmiddel Sitron", "price": 12.9, "product_variant": "0,5 l", "quantity_info": [[0.5, "l"]], "image_url": "/media/uploads/public/44/35/968835-221b1-product_list.jpg", "unit_price_raw": "kr 25,80 per l", "product_url": "https://kolonial.no/produkter/8502-rema-1000-oppvaskmiddel-sitron-05l/", "kolonial_id": "8502"},
  {"category": "Fryst pizza", "category_list": ["Alle varer", "Pizza og taco", "Fryst pizza"], "title": "Pizza Grandiosa", "price": 61.8, "product_variant": "Kj\u00f8ttdeig & l\u00f8k, 520 g", "quantity_info": [[520.0, "g"]], "image_url": "/media/uploads/public/279/62/974062-54963-product_list.jpg", "unit_price_raw": "kr 118,85 per kg", "product_url": "https://kolonial.no/produkter/240-grandiosa-pizza-grandiosa-kjottdeig-lok/", "kolonial_id": "240"},
  {"category": "Fryst pizza", "category_list": ["Alle varer", "Pizza og taco", "Fryst pizza"], "title": "Grandiosa Biff", "price": 62.4, "product_variant": "505 g", "quantity_info": [[505.0, "g"]], "image_url": "/media/uploads/public/245/197/987397-9a76f-product_list.jpg", "unit_price_raw": "kr 123,56 per kg", "product_url": "https://kolonial.no/produkter/27989-grandiosa-grandiosa-biff/", "kolonial_id": "27989"},
  {"category": "Tannpleie", "category_list": ["Alle varer", "Hygieneartikler", "Tannpleie"], "title": "Tannb\u00f8rste", "price": 31.3, "product_variant": "3-5 \u00c5r, Assortert farge, 1 stk", "quantity_info": [[3.0, ""], [5.0, "\u00c5rAssortertfarge"], [1.0, "stk"]], "image_url": "/media/uploads/public/87/137/966137-46cf2-product_list.jpg", "unit_price_raw": "kr 31,30 per stk", "product_url": "https://kolonial.no/produkter/412-jordan-tannborste-3-5-ar/", "kolonial_id": "412"},
  {"category": "Vaskemidler", "category_list": ["Alle varer", "T\u00f8rkepapir og vaskemidler", "Vaskemidler"], "title": "Klorin Rengj\u00f8ringsspray", "price": 41.4, "product_variant": "500 ml", "quantity_info": [[500.0, "ml"]], "image_url": "/media/uploads/public/0/292/15892-af0cb-product_list.jpg", "unit_price_raw": "kr 82,80 per l", "product_url": "https://kolonial.no/produkter/11407-klorin-klorin-rengjoringsspray-500ml/", "kolonial_id": "11407"},
  {"category": "Frossen fisk og sj\u00f8mat", "category_list": ["Alle varer", "Fisk og sj\u00f8mat", "Frossen fisk og sj\u00f8mat"], "title": "Kapteinens Fylte Torsk med Bacon & Kremet Saus", "price": 62.0, "product_variant": "300 g", "quantity_info": [[300.0, "g"]], "image_url": "/media/uploads/public/199/132/972132-8fb3f-product_list.jpg", "unit_price_raw": "kr 206,67 per kg", "product_url": "https://kolonial.no/produkter/16173-findus-kapteinens-fylte-torsk-med-bacon-kremet-sau/", "kolonial_id": "16173"},
  {"category": "Revet ost", "category_list": ["Alle varer", "Oster", "Revet ost"], "title": "Mozzarella Revet", "price": 29.9, "product_variant": "200 g", "quantity_info": [[200.0, "g"]], "image_url": "/media/uploads/public/167/51/973651-1609b-product_list.jpg", "unit_price_raw": "kr 149,50 per kg", "product_url": "https://kolonial.no/produkter/27582-vergeer-mozzarella-revet/", "kolonial_id": "27582"},
  {"category": "Revet ost", "category_list": ["Alle varer", "Oster", "Revet ost"], "title": "Revet Topping", "price": 49.9, "product_variant": "500 g", "quantity_info": [[500.0, "g"]], "image_url": "/media/uploads/public/303/55/973655-9a2cc-product_list.jpg", "unit_price_raw": "kr 99,80 per kg", "product_url": "https://kolonial.no/produkter/27577-revet-topping/", "kolonial_id": "27577"},
  {"category": "Baketilbeh\u00f8r", "category_list": ["Alle varer", "Mel og bakeingredienser", "Baketilbeh\u00f8r"], "title": "Fersk Gj\u00e6r S\u00f8te Deiger", "price": 8.1, "product_variant": "50 g", "quantity_info": [[50.0, "g"]], "image_url": "/media/uploads/public/0/329/50329-4d766-product_list.jpg", "unit_price_raw": "kr 162,00 per kg", "product_url": "https://kolonial.no/produkter/17347-idun-fersk-gjaer-sote-deiger/", "kolonial_id": "17347"},
  {"category": "Ferske br\u00f8d", "category_list": ["Alle varer", "Br\u00f8d og frokostblandinger", "Ferske br\u00f8d"], "title": "Familiebr\u00f8d", "price": 32.9, "product_variant": "770 g", "quantity_info": [[770.0, "g"]], "image_url": "/media/uploads/public/91/269/665069-1f2b1-product_list.jpg", "unit_price_raw": "kr 42,73 per kg", "product_url": "https://kolonial.no/produkter/27238-brodverket-familiebrod/", "kolonial_id": "27238"},
  {"category": "Hermetisert sj\u00f8mat", "category_list": ["Alle varer", "Fisk og sj\u00f8mat", "Hermetisert sj\u00f8mat"], "title": "Sursild", "price": 30.6, "product_variant": "380 g", "quantity_info": [[380.0, "g"]], "image_url": "/media/uploads/public/174/228/967028-e3ccf-product_list.jpg", "unit_price_raw": "kr 80,53 per kg", "product_url": "https://kolonial.no/produkter/3589-delikat-sursild-380g/", "kolonial_id": "3589"},
  {"category": "Klesvask", "category_list": ["Alle varer", "T\u00f8rkepapir og vaskemidler", "Klesvask"], "title": "Omo Ultra Hvitt", "price": 53.5, "product_variant": "1,17 kg", "quantity_info": [[1.17, "kg"]], "image_url": "/media/uploads/public/151/152/970952-99e60-product_list.jpg", "unit_price_raw": "kr 45,73 per kg", "product_url": "https://kolonial.no/produkter/652-omo-omo-ultra-hvitt/", "kolonial_id": "652"},
  {"category": "Klesvask", "category_list": ["Alle varer", "T\u00f8rkepapir og vaskemidler", "Klesvask"], "title": "Maskinvask Farget", "price": 42.7, "product_variant": "1,1 kg", "quantity_info": [[1.1, "kg"]], "image_url": "/media/uploads/public/254/219/156619-b7c52-product_list.jpg", "unit_price_raw": "kr 38,82 per kg", "product_url": "https://kolonial.no/produkter/8496-rema-1000-maskinvask-farget-11kg/", "kolonial_id": "8496"},
  {"category": "R\u00f8kt og gravet fisk", "category_list": ["Alle varer", "Fisk og sj\u00f8mat", "R\u00f8kt og gravet fisk"], "title": "Spekesildfilet", "price": 26.3, "product_variant": "300 g", "quantity_info": [[300.0, "g"]], "image_url": "/media/uploads/public/47/17/154817-fb729-product_list.jpg", "unit_price_raw": "kr 87,67 per kg", "product_url": "https://kolonial.no/produkter/24584-godehav-spekesildfilet/", "kolonial_id": "24584"},
  {"category": "Fersk fisk", "category_list": ["Alle varer", "Fisk og sj\u00f8mat", "Fersk fisk"], "title": "Sm\u00f8rflyndrefilet", "price": 59.9, "product_variant": "Domstein, \n                            \n\n                            Villfisk, ca. 200 g", "quantity_info": [[200.0, "g"]], "image_url": "/media/uploads/public/78/353/152753-955d6-product_list_large.jpg", "unit_price_raw": "kr 299,50 per kg", "product_url": "https://kolonial.no/produkter/24903-domstein-smorflyndrefilet-villfisk/", "kolonial_id": "24903"},
  {"category": "Oljer og dressinger", "category_list": ["Alle varer", "Olje og krydder", "Oljer og dressinger"], "title": "Olivenolje", "price": 29.9, "product_variant": "1 l", "quantity_info": [[1.0, "l"]], "image_url": "/media/uploads/public/152/177/966177-90a81-product_list.jpg", "unit_price_raw": "kr 29,90 per l", "product_url": "https://kolonial.no/produkter/8752-rema-1000-olivenolje/", "kolonial_id": "8752"},
  {"category": "Ferdigmikser", "category_list": ["Alle varer", "Mel og bakeingredienser", "Ferdigmikser"], "title": "Vafler Familiepakning", "price": 25.6, "product_variant": "591 g", "quantity_info": [[591.0, "g"]], "image_url": "/media/uploads/public/278/306/967506-346d0-product_list.jpg", "unit_price_raw": "kr 43,32 per kg", "product_url": "https://kolonial.no/produkter/10733-toro-vafler-familiepakning-590g/", "kolonial_id": "10733"},
  {"category": "Ferdigmikser", "category_list": ["Alle varer", "Mel og bakeingredienser", "Ferdigmikser"], "title": "Lapper / Sveler", "price": 29.2, "product_variant": "183 g", "quantity_info": [[183.0, "g"]], "image_url": "/media/uploads/public/200/31/155231-121dd-product_list.jpg", "unit_price_raw": "kr 159,56 per kg", "product_url": "https://kolonial.no/produkter/25042-toro-lapper-sveler/", "kolonial_id": "25042"},
  {"category": "Tyggis og pastiller", "category_list": ["Alle varer", "Snacks og godteri", "Tyggis og pastiller"], "title": "Doc Trippel Effekt Honning", "price": 49.9, "product_variant": "55 g", "quantity_info": [[55.0, "g"]], "image_url": "/media/uploads/public/38/392/973192-e0ad9-product_list.jpg", "unit_price_raw": "kr 907,27 per kg", "product_url": "https://kolonial.no/produkter/14527-nidar-doc-trippel-effekt-honning/", "kolonial_id": "14527"},
  {"category": "Storfe", "category_list": ["Alle varer", "Kj\u00f8tt og kylling", "Storfe"], "title": "Konge Entrecote", "price": 99.0, "product_variant": "400 g", "quantity_info": [[400.0, "g"]], "image_url": "/media/uploads/public/163/209/971809-d1b43-product_list.jpg", "unit_price_raw": "kr 247,50 per kg", "product_url": "https://kolonial.no/produkter/24039-nordfjord-konge-entrecote/", "kolonial_id": "24039"},
  {"category": "Frokostblandinger og gryn", "category_list": ["Alle varer", "Br\u00f8d og frokostblandinger", "Frokostblandinger og gryn"], "title": "Bl\u00e5b\u00e6r Musli", "price": 36.3, "product_variant": "630 g", "quantity_info": [[630.0, "g"]], "image_url": "/media/uploads/public/74/39/972439-5f092-product_list.jpg", "unit_price_raw": "kr 57,62 per kg", "product_url": "https://kolonial.no/produkter/9482-axa-blabaer-musli-700g/", "kolonial_id": "9482"},
  {"category": "Bursdag", "category_list": ["Alle varer", "Barneprodukter", "Bursdag"], "title": "Festbl\u00e5se", "price": 29.9, "product_variant": "6 stk", "quantity_info": [[6.0, "stk"]], "image_url": "/media/uploads/public/0/247/45847-37f8a-product_list.jpg", "unit_price_raw": "kr 4,98 per stk", "product_url": "https://kolonial.no/produkter/14713-festblase/", "kolonial_id": "14713"},
  {"category": "Frosne br\u00f8d og rundstykker", "category_list": ["Alle varer", "Br\u00f8d og frokostblandinger", "Frosne br\u00f8d og rundstykker"], "title": "Prima Rundstykker", "price": 33.1, "product_variant": "10 x 60g, 600 g", "quantity_info": [[10.0, "x"], [60.0, "g"], [600.0, "g"]], "image_url": "/media/uploads/public/277/176/370176-84082-product_list.jpg", "unit_price_raw": "kr 55,17 per kg", "product_url": "https://kolonial.no/produkter/25880-rema-1000-prima-rundstykker-10-x-60g/", "kolonial_id": "25880"},
  {"category": "Frosne br\u00f8d og rundstykker", "category_list": ["Alle varer", "Br\u00f8d og frokostblandinger", "Frosne br\u00f8d og rundstykker"], "title": "Glutenfrie Rundstykker", "price": 60.5, "product_variant": "4 stk, 260 g", "quantity_info": [[4.0, "stk"], [260.0, "g"]], "image_url": "/media/uploads/public/247/195/968195-160d5-product_list.jpg", "unit_price_raw": "kr 232,69 per kg", "product_url": "https://kolonial.no/produkter/13720-hatting-glutenfrie-rundstykker-4-stk/", "kolonial_id": "13720"},
  {"category": "Supper", "category_list": ["Alle varer", "Middager og tilbeh\u00f8r", "Supper"], "title": "Gr\u00f8nnsaksuppe", "price": 25.7, "product_variant": "46 g", "quantity_info": [[46.0, "g"]], "image_url": "/media/uploads/public/367/222/965422-7ec7e-product_list.jpg", "unit_price_raw": "kr 558,70 per kg", "product_url": "https://kolonial.no/produkter/750-toro-gronnsaksuppe/", "kolonial_id": "750"},
  {"category": "Knekkebr\u00f8d", "category_list": ["Alle varer", "Br\u00f8d og frokostblandinger", "Knekkebr\u00f8d"], "title": "Sandwich Cream Cheese & Gressl\u00f8k", "price": 13.9, "product_variant": "37 g", "quantity_info": [[37.0, "g"]], "image_url": "/media/uploads/public/222/193/964993-aa05b-product_list.jpg", "unit_price_raw": "kr 375,68 per kg", "product_url": "https://kolonial.no/produkter/6952-wasa-sandwich-cream-cheese-gresslok-37g/", "kolonial_id": "6952"},
  {"category": "Knekkebr\u00f8d", "category_list": ["Alle varer", "Br\u00f8d og frokostblandinger", "Knekkebr\u00f8d"], "title": "Sandwich French Herbs", "price": 13.2, "product_variant": "30 g", "quantity_info": [[30.0, "g"]], "image_url": "/media/uploads/public/256/150/964950-9a380-product_list.jpg", "unit_price_raw": "kr 440,00 per kg", "product_url": "https://kolonial.no/produkter/6958-wasa-sandwich-french-herbs-30g/", "kolonial_id": "6958"},
  {"category": "Langtidsholdbare br\u00f8d", "category_list": ["Alle varer", "Br\u00f8d og frokostblandinger", "Langtidsholdbare br\u00f8d"], "title": "Rugbr\u00f8d", "price": 16.4, "product_variant": "500 g", "quantity_info": [[500.0, "g"]], "image_url": "/media/uploads/public/144/81/296081-eb7e5-product_list.jpg", "unit_price_raw": "kr 32,80 per kg", "product_url": "https://kolonial.no/produkter/25110-van-der-meulen-rugbrod/", "kolonial_id": "25110"},
  {"category": "Pasta og nudler", "category_list": ["Alle varer", "Middager og tilbeh\u00f8r", "Pasta og nudler"], "title": "Uten Spaghetti Glutenfri", "price": 22.7, "product_variant": "400 g", "quantity_info": [[400.0, "g"]], "image_url": "/media/uploads/public/382/113/296113-77fd6-product_list.jpg", "unit_price_raw": "kr 56,75 per kg", "product_url": "https://kolonial.no/produkter/25260-rema-1000-uten-spaghetti-glutenfri/", "kolonial_id": "25260"},
  {"category": "Hermetisert frukt og gr\u00f8nt", "category_list": ["Alle varer", "Frukt og gr\u00f8nt", "Hermetisert frukt og gr\u00f8nt"], "title": "Kokosmelk", "price": 14.9, "product_variant": "400 ml", "quantity_info": [[400.0, "ml"]], "image_url": "/media/uploads/public/362/395/973195-3bc49-product_list.jpg", "unit_price_raw": "kr 37,25 per l", "product_url": "https://kolonial.no/produkter/8578-rema-1000-kokosmelk/", "kolonial_id": "8578"},
  {"category": "Diverse husholdning", "category_list": ["Alle varer", "Husholdning og tekstil", "Diverse husholdning"], "title": "Isbiter", "price": 35.7, "product_variant": "2 kg", "quantity_info": [[2.0, "kg"]], "image_url": "/media/uploads/public/19/131/966931-b1294-product_list.jpg", "unit_price_raw": "kr 17,85 per kg", "product_url": "https://kolonial.no/produkter/2593-mr-iceman-isbiter-2kg/", "kolonial_id": "2593"},
  {"category": "P\u00f8lser", "category_list": ["Alle varer", "Kj\u00f8tt og kylling", "P\u00f8lser"], "title": "Bacon-Knacker", "price": 39.4, "product_variant": "250 g", "quantity_info": [[250.0, "g"]], "image_url": "/media/uploads/public/304/258/368258-7e2df-product_list.jpg", "unit_price_raw": "kr 157,60 per kg", "product_url": "https://kolonial.no/produkter/22960-finsbraten-bacon-knacker/", "kolonial_id": "22960"},
  {"category": "Kontor", "category_list": ["Alle varer", "Husholdning og tekstil", "Kontor"], "title": "Spiralhefter Ruter A4", "price": 35.9, "product_variant": "80 ark, 1 stk", "quantity_info": [[80.0, "ark"], [1.0, "stk"]], "image_url": "/media/uploads/public/0/195/23395-6525a-product_list.jpg", "unit_price_raw": "kr 35,90 per stk", "product_url": "https://kolonial.no/produkter/10277-spiralhefter-ruter-a4-80-ark/", "kolonial_id": "10277"},
  {"category": "Kontor", "category_list": ["Alle varer", "Husholdning og tekstil", "Kontor"], "title": "Notisblokk", "price": 26.0, "product_variant": "50 ark, 1 stk", "quantity_info": [[50.0, "ark"], [1.0, "stk"]], "image_url": "/media/uploads/public/0/198/23398-df9aa-product_list.jpg", "unit_price_raw": "kr 26,00 per stk", "product_url": "https://kolonial.no/produkter/10265-notisblokk-50-ark/", "kolonial_id": "10265"},
  {"category": "Fr\u00f8, n\u00f8tter og t\u00f8rket frukt", "category_list": ["Alle varer", "Frukt og gr\u00f8nt", "Fr\u00f8, n\u00f8tter og t\u00f8rket frukt"], "title": "N\u00f8tte- & Fruktmix", "price": 35.8, "product_variant": "600 g", "quantity_info": [[600.0, "g"]], "image_url": "/media/uploads/public/260/281/971881-e5b86-product_list.jpg", "unit_price_raw": "kr 59,67 per kg", "product_url": "https://kolonial.no/produkter/8606-rema-1000-notte-fruktmix-600g/", "kolonial_id": "8606"},
  {"category": "Kj\u00f8ttboller og karbonader", "category_list": ["Alle varer", "Kj\u00f8tt og kylling", "Kj\u00f8ttboller og karbonader"], "title": "XXL Kj\u00f8ttkaker", "price": 69.0, "product_variant": "1,13 kg", "quantity_info": [[1.13, "kg"]], "image_url": "/media/uploads/public/120/237/971837-bf111-product_list.jpg", "unit_price_raw": "kr 61,06 per kg", "product_url": "https://kolonial.no/produkter/24042-nordfjord-xxl-kjottkaker/", "kolonial_id": "24042"},
  {"category": "Kj\u00f8kkenredskap", "category_list": ["Alle varer", "Husholdning og tekstil", "Kj\u00f8kkenredskap"], "title": "Fryseboks", "price": 37.4, "product_variant": "0,5l, 1 stk", "quantity_info": [[0.5, "l"], [1.0, "stk"]], "image_url": "/media/uploads/public/0/231/114631-bdbd8-product_list.jpg", "unit_price_raw": "kr 37,40 per stk", "product_url": "https://kolonial.no/produkter/14800-fryseboks-05l/", "kolonial_id": "14800"},
  {"category": "Kj\u00f8kkenredskap", "category_list": ["Alle varer", "Husholdning og tekstil", "Kj\u00f8kkenredskap"], "title": "Fryse- og oppbevboks", "price": 47.9, "product_variant": "1,2l, 1 stk", "quantity_info": [[1.2, "l"], [1.0, "stk"]], "image_url": "/media/uploads/public/0/219/114619-5305c-product_list.jpg", "unit_price_raw": "kr 47,90 per stk", "product_url": "https://kolonial.no/produkter/10136-fryse-og-oppbevboks-12l/", "kolonial_id": "10136"},
  {"category": "Engangs og Servietter", "category_list": ["Alle varer", "Husholdning og tekstil", "Engangs og Servietter"], "title": "Plastkopp Frost", "price": 29.9, "product_variant": "8 stk", "quantity_info": [[8.0, "stk"]], "image_url": "/media/uploads/public/0/43/106843-6b5e5-product_list.jpg", "unit_price_raw": "kr 3,74 per stk", "product_url": "https://kolonial.no/produkter/14806-plastkopp-prinsesse/", "kolonial_id": "14806"},
  {"category": "Salater og k\u00e5l", "category_list": ["Alle varer", "Frukt og gr\u00f8nt", "Salater og k\u00e5l"], "title": "Ruccula mix", "price": 31.2, "product_variant": "Vasket, Norge, 175 g", "quantity_info": [[175.0, "g"]], "image_url": "/media/uploads/public/393/34/642834-50c75-product_list.jpg", "unit_price_raw": "kr 178,29 per kg", "product_url": "https://kolonial.no/produkter/10793-ruccula-mix-vasket-norge/", "kolonial_id": "10793"},
  {"category": "Gr\u00f8nnsaker", "category_list": ["Alle varer", "Frukt og gr\u00f8nt", "Gr\u00f8nnsaker"], "title": "Blomk\u00e5l", "price": 17.9, "product_variant": "Spania, 1 stk", "quantity_info": [[1.0, "stk"]], "image_url": "/media/uploads/public/0/182/3382-7d24e-product_list.jpg", "unit_price_raw": "kr 51,14 per kg", "product_url": "https://kolonial.no/produkter/9284-blomkal-spania/", "kolonial_id": "9284"},
  {"category": "Frukt", "category_list": ["Alle varer", "Frukt og gr\u00f8nt", "Frukt"], "title": "Kumquat", "price": 30.9, "product_variant": "S\u00f8r Afrika, 100 g", "quantity_info": [[100.0, "g"]], "image_url": "/media/uploads/public/0/32/92032-df5d8-product_list.jpg", "unit_price_raw": "kr 309,00 per kg", "product_url": "https://kolonial.no/produkter/19675-kumquat-sor-afrika/", "kolonial_id": "19675"},
  {"category": "Frukt", "category_list": ["Alle varer", "Frukt og gr\u00f8nt", "Frukt"], "title": "Sitroner", "price": 11.36, "product_variant": "Spania, 2 stk", "quantity_info": [[2.0, "stk"]], "image_url": "/media/uploads/public/351/166/710966-2fcc7-product_list.jpg", "unit_price_raw": "kr 29,89 per kg", "product_url": "https://kolonial.no/produkter/27248-sitroner-2-pk-spania/", "kolonial_id": "27248"},
  {"category": "Frossen frukt og gr\u00f8nt", "category_list": ["Alle varer", "Frukt og gr\u00f8nt", "Frossen frukt og gr\u00f8nt"], "title": "Jalape\u00f1o Poppers", "price": 30.0, "product_variant": "Taste Lab, 250 g", "quantity_info": [[250.0, "g"]], "image_url": "/media/uploads/public/82/137/296137-f9780-product_list.jpg", "unit_price_raw": "kr 120,00 per kg", "product_url": "https://kolonial.no/produkter/25125-rema-1000-jalapeno-poppers-taste-lab/", "kolonial_id": "25125"},
  {"category": "Middags-kit og gryteretter", "category_list": ["Alle varer", "Middager og tilbeh\u00f8r", "Middags-kit og gryteretter"], "title": "Raspeballer", "price": 28.4, "product_variant": "206 g", "quantity_info": [[206.0, "g"]], "image_url": "/media/uploads/public/330/207/969007-d6ed0-product_list.jpg", "unit_price_raw": "kr 137,86 per kg", "product_url": "https://kolonial.no/produkter/17299-toro-raspeballer/", "kolonial_id": "17299"},
  {"category": "Ris og gryn", "category_list": ["Alle varer", "Middager og tilbeh\u00f8r", "Ris og gryn"], "title": "Basmatiris L\u00f8s", "price": 24.6, "product_variant": "500 g", "quantity_info": [[500.0, "g"]], "image_url": "/media/uploads/public/176/308/164708-ac9a9-product_list.jpg", "unit_price_raw": "kr 49,20 per kg", "product_url": "https://kolonial.no/produkter/24920-rema-1000-basmatiris-los/", "kolonial_id": "24920"},
  {"category": "Posesauser", "category_list": ["Alle varer", "Middager og tilbeh\u00f8r", "Posesauser"], "title": "Bretagne kyllingsaus", "price": 18.6, "product_variant": "27 g", "quantity_info": [[27.0, "g"]], "image_url": "/media/uploads/public/117/284/967484-cff1a-product_list.jpg", "unit_price_raw": "kr 688,89 per kg", "product_url": "https://kolonial.no/produkter/737-toro-bretagne-kyllingsaus/", "kolonial_id": "737"},
  {"category": "Posesauser", "category_list": ["Alle varer", "Middager og tilbeh\u00f8r", "Posesauser"], "title": "Bretagne Kyllingsaus Familiepakke", "price": 35.6, "product_variant": "4 stk", "quantity_info": [[4.0, "stk"]], "image_url": "/media/uploads/public/58/200/973400-2df30-product_list.jpg", "unit_price_raw": "kr 8,90 per stk", "product_url": "https://kolonial.no/produkter/10688-toro-bretagne-kyllingsaus-familiepakke/", "kolonial_id": "10688"},
  {"category": "Middagstilbeh\u00f8r", "category_list": ["Alle varer", "Middager og tilbeh\u00f8r", "Middagstilbeh\u00f8r"], "title": "Potetsalat Spesial", "price": 17.4, "product_variant": "400 g", "quantity_info": [[400.0, "g"]], "image_url": "/media/uploads/public/151/369/971569-fb868-product_list.jpg", "unit_price_raw": "kr 43,50 per kg", "product_url": "https://kolonial.no/produkter/23892-salatmestern-potetsalat-spesial/", "kolonial_id": "23892"},
  {"category": "Lys", "category_list": ["Alle varer", "Husholdning og tekstil", "Lys"], "title": "Lysr\u00f8r Master", "price": 45.9, "product_variant": "15w, Lengde 44cm, 1 stk", "quantity_info": [[15.0, "wLengde"], [44.0, "cm"], [1.0, "stk"]], "image_url": "/media/uploads/public/0/151/45751-219f2-product_list.jpg", "unit_price_raw": "kr 45,90 per stk", "product_url": "https://kolonial.no/produkter/13621-lysror-master-15w-827/", "kolonial_id": "13621"},
  {"category": "N\u00f8tter", "category_list": ["Alle varer", "Snacks og godteri", "N\u00f8tter"], "title": "Pean\u00f8tter", "price": 17.3, "product_variant": "275 g", "quantity_info": [[275.0, "g"]], "image_url": "/media/uploads/public/388/335/968735-f5eb0-product_list.jpg", "unit_price_raw": "kr 62,91 per kg", "product_url": "https://kolonial.no/produkter/8732-rema-1000-peanotter-350g/", "kolonial_id": "8732"},
  {"category": "Kylling, kalkun og and", "category_list": ["Alle varer", "Kj\u00f8tt og kylling", "Kylling, kalkun og and"], "title": "Kyllingkj\u00f8ttboller", "price": 189.0, "product_variant": "Fryst, 1,5 kg", "quantity_info": [[1.5, "kg"]], "image_url": "/media/uploads/public/0/45/58045-68e83-product_list.jpg", "unit_price_raw": "kr 126,00 per kg", "product_url": "https://kolonial.no/produkter/15795-vestfold-fugl-kyllingkjottboller-fryst-15kg/", "kolonial_id": "15795"},
  {"category": "Bacon og tilbeh\u00f8r", "category_list": ["Alle varer", "Kj\u00f8tt og kylling", "Bacon og tilbeh\u00f8r"], "title": "Bacon i Terninger", "price": 41.7, "product_variant": "250 g", "quantity_info": [[250.0, "g"]], "image_url": "/media/uploads/public/27/12/726412-aa470-product_list.jpg", "unit_price_raw": "kr 166,80 per kg", "product_url": "https://kolonial.no/produkter/25433-nordfjord-bacon-i-terninger/", "kolonial_id": "25433"},
  {"category": "Morsmelkerstatning", "category_list": ["Alle varer", "Barneprodukter", "Morsmelkerstatning"], "title": "Nan 2 \u00d8kologisk", "price": 88.4, "product_variant": "Fra 6 mnd, 400 g", "quantity_info": [[6.0, "mnd"], [400.0, "g"]], "image_url": "/media/uploads/public/266/53/973253-4f018-product_list.jpg", "unit_price_raw": "kr 221,00 per kg", "product_url": "https://kolonial.no/produkter/27288-nestle-nan-2-okologisk-fra-6-mnd/", "kolonial_id": "27288"},
  {"category": "Smoothie, yoghurt og mellomm\u00e5ltid", "category_list": ["Alle varer", "Barneprodukter", "Smoothie, yoghurt og mellomm\u00e5ltid"], "title": "Min Frukt Eple & Bj\u00f8rneb\u00e6r Smoothie", "price": 15.6, "product_variant": "\u00d8kologisk, 90 g", "quantity_info": [[90.0, "g"]], "image_url": "/media/uploads/public/351/131/973331-b9c4c-product_list.jpg", "unit_price_raw": "kr 173,33 per kg", "product_url": "https://kolonial.no/produkter/27290-nestle-min-frukt-eple-bjornebaer-smoothie-okologis/", "kolonial_id": "27290"},
  {"category": "Middagsglass", "category_list": ["Alle varer", "Barneprodukter", "Middagsglass"], "title": "Couscous med Laks", "price": 23.6, "product_variant": "Fra 15 mnd, 250 g", "quantity_info": [[15.0, "mnd"], [250.0, "g"]], "image_url": "/media/uploads/public/44/381/969581-3ac5b-product_list.jpg", "unit_price_raw": "kr 94,40 per kg", "product_url": "https://kolonial.no/produkter/18751-nestle-couscous-med-laks-fra-15-mnd/", "kolonial_id": "18751"},
  {"category": "Middagsglass", "category_list": ["Alle varer", "Barneprodukter", "Middagsglass"], "title": "Biff Stroganoff Med Pasta", "price": 22.6, "product_variant": "Fra 15 mnd, 250 g", "quantity_info": [[15.0, "mnd"], [250.0, "g"]], "image_url": "/media/uploads/public/23/48/966048-fbccc-product_list.jpg", "unit_price_raw": "kr 90,40 per kg", "product_url": "https://kolonial.no/produkter/11242-nestle-biff-stroganoff-med-pasta-fra-15-mnd/", "kolonial_id": "11242"},
  {"category": "Julens middagstilbeh\u00f8r", "category_list": ["Alle varer", "Middager og tilbeh\u00f8r", "Julens middagstilbeh\u00f8r"], "title": "Sennepsaus", "price": 12.9, "product_variant": "200 g", "quantity_info": [[200.0, "g"]], "image_url": "/media/uploads/public/43/353/1007953-1b99e-product_list.jpg", "unit_price_raw": "kr 64,50 per kg", "product_url": "https://kolonial.no/produkter/24554-salatmestern-sennepsaus/", "kolonial_id": "24554"},
  {"category": "Poser og folie", "category_list": ["Alle varer", "Husholdning og tekstil", "Poser og folie"], "title": "Isbitposer", "price": 21.6, "product_variant": "20 stk", "quantity_info": [[20.0, "stk"]], "image_url": "/media/uploads/public/219/154/971754-7d1d3-product_list.jpg", "unit_price_raw": "kr 1,08 per stk", "product_url": "https://kolonial.no/produkter/5221-soft-style-isbitposer-20stk/", "kolonial_id": "5221"},
  {"category": "Gr\u00f8t", "category_list": ["Alle varer", "Barneprodukter", "Gr\u00f8t"], "title": "Lev Vel Gr\u00f8t Mango & Kiwi", "price": 13.1, "product_variant": "Fra 6 mnd, 90 g", "quantity_info": [[6.0, "mnd"], [90.0, "g"]], "image_url": "/media/uploads/public/169/397/972397-bce46-product_list.jpg", "unit_price_raw": "kr 145,56 per kg", "product_url": "https://kolonial.no/produkter/25850-rema-1000-lev-vel-grot-mango-kiwi-fra-6-mnd/", "kolonial_id": "25850"},
  {"category": "Gr\u00f8t", "category_list": ["Alle varer", "Barneprodukter", "Gr\u00f8t"], "title": "Lev Vel Gr\u00f8t Skogsb\u00e6r & Quinoa", "price": 12.6, "product_variant": "Fra 6 mnd, 90 g", "quantity_info": [[6.0, "mnd"], [90.0, "g"]], "image_url": "/media/uploads/public/219/28/970028-40171-product_list.jpg", "unit_price_raw": "kr 140,00 per kg", "product_url": "https://kolonial.no/produkter/25851-rema-1000-lev-vel-grot-skogsbaer-quinoa-fra-6-mnd/", "kolonial_id": "25851"},
  {"category": "Honning og s\u00f8tp\u00e5legg", "category_list": ["Alle varer", "P\u00e5legg", "Honning og s\u00f8tp\u00e5legg"], "title": "Pean\u00f8ttsm\u00f8r", "price": 54.0, "product_variant": "Grovt Uten Salt, 250 g", "quantity_info": [[250.0, "g"]], "image_url": "/media/uploads/public/0/37/13637-ae69d-product_list.jpg", "unit_price_raw": "kr 216,00 per kg", "product_url": "https://kolonial.no/produkter/9992-helios-peanottsmor-grovt-uten-salt-250g/", "kolonial_id": "9992"},
  {"category": "Snus", "category_list": ["Alle varer", "Snus og tobakk", "Snus"], "title": "Skruf White #3", "price": 92.9, "product_variant": "Stark Snus, 22 g", "quantity_info": [[22.0, "g"]], "image_url": "https://kolonial.no/static/products/img/placeholder.bffcea8d3530.png", "unit_price_raw": "kr 4222,73 per kg", "product_url": "https://kolonial.no/produkter/4036-skruf-skruf-white-3-stark-snus/", "kolonial_id": "4036"},
  {"category": "Sigaretter", "category_list": ["Alle varer", "Snus og tobakk", "Sigaretter"], "title": "Prince White", "price": 117.9, "product_variant": "20 stk", "quantity_info": [[20.0, "stk"]], "image_url": "https://kolonial.no/static/products/img/placeholder.bffcea8d3530.png", "unit_price_raw": "kr 5,90 per stk", "product_url": "https://kolonial.no/produkter/3994-prince-prince-white/", "kolonial_id": "3994"},
  {"category": "Salatp\u00e5legg", "category_list": ["Alle varer", "P\u00e5legg", "Salatp\u00e5legg"], "title": "Kreps- & Rekesalat", "price": 27.7, "product_variant": "200 g", "quantity_info": [[200.0, "g"]], "image_url": "/media/uploads/public/357/347/971547-660d2-product_list.jpg", "unit_price_raw": "kr 138,50 per kg", "product_url": "https://kolonial.no/produkter/23882-salatmestern-kreps-rekesalat/", "kolonial_id": "23882"},
  {"category": "Salatp\u00e5legg", "category_list": ["Alle varer", "P\u00e5legg", "Salatp\u00e5legg"], "title": "Skagensalat", "price": 29.5, "product_variant": "200 g", "quantity_info": [[200.0, "g"]], "image_url": "/media/uploads/public/103/363/971563-e9603-product_list.jpg", "unit_price_raw": "kr 147,50 per kg", "product_url": "https://kolonial.no/produkter/23891-salatmestern-skagensalat/", "kolonial_id": "23891"},
  {"category": "Leverpostei", "category_list": ["Alle varer", "P\u00e5legg", "Leverpostei"], "title": "Leverpostei Glutenfri", "price": 18.1, "product_variant": "100 g", "quantity_info": [[100.0, "g"]], "image_url": "/media/uploads/public/264/251/972651-3d415-product_list.jpg", "unit_price_raw": "kr 181,00 per kg", "product_url": "https://kolonial.no/produkter/20977-stabburet-leverpostei-glutenfri/", "kolonial_id": "20977"},
  {"category": "Majones og tubep\u00e5legg", "category_list": ["Alle varer", "P\u00e5legg", "Majones og tubep\u00e5legg"], "title": "Kaviarmix", "price": 27.7, "product_variant": "Tube, 175 g", "quantity_info": [[175.0, "g"]], "image_url": "/media/uploads/public/255/293/1007893-9cefc-product_list.jpg", "unit_price_raw": "kr 158,29 per kg", "product_url": "https://kolonial.no/produkter/998-mills-kaviarmix-tube-180g/", "kolonial_id": "998"},
  {"category": "Syltet\u00f8y", "category_list": ["Alle varer", "P\u00e5legg", "Syltet\u00f8y"], "title": "Eplesyltet\u00f8y Lett", "price": 38.8, "product_variant": "525 g", "quantity_info": [[525.0, "g"]], "image_url": "/media/uploads/public/14/376/967576-9116e-product_list.jpg", "unit_price_raw": "kr 73,90 per kg", "product_url": "https://kolonial.no/produkter/13333-rema-1000-eplesyltetoy-lett-525g/", "kolonial_id": "13333"},
  {"category": "Fiskep\u00e5legg", "category_list": ["Alle varer", "P\u00e5legg", "Fiskep\u00e5legg"], "title": "Makrell i Tomat", "price": 15.6, "product_variant": "100 g", "quantity_info": [[100.0, "g"]], "image_url": "/media/uploads/public/92/391/965591-2b1e2-product_list.jpg", "unit_price_raw": "kr 156,00 per kg", "product_url": "https://kolonial.no/produkter/6346-king-oscar-makrell-i-tomat/", "kolonial_id": "6346"},
  {"category": "Kj\u00f8tt- og kyllingp\u00e5legg", "category_list": ["Alle varer", "P\u00e5legg", "Kj\u00f8tt- og kyllingp\u00e5legg"], "title": "Krydderskinke Skivet", "price": 31.1, "product_variant": "110 g", "quantity_info": [[110.0, "g"]], "image_url": "/media/uploads/public/114/363/132363-4d7b9-product_list.jpg", "unit_price_raw": "kr 282,73 per kg", "product_url": "https://kolonial.no/produkter/15306-gilde-krydderskinke-skivet-110g/", "kolonial_id": "15306"},
  {"category": "Kj\u00f8tt- og kyllingp\u00e5legg", "category_list": ["Alle varer", "P\u00e5legg", "Kj\u00f8tt- og kyllingp\u00e5legg"], "title": "Hamburgerrygg L\u00f8vtynn", "price": 39.8, "product_variant": "110 g", "quantity_info": [[110.0, "g"]], "image_url": "/media/uploads/public/383/362/132362-57a70-product_list.jpg", "unit_price_raw": "kr 361,82 per kg", "product_url": "https://kolonial.no/produkter/22741-gilde-hamburgerrygg-lovtynn/", "kolonial_id": "22741"},
  {"category": "Spekemat og salami", "category_list": ["Alle varer", "P\u00e5legg", "Spekemat og salami"], "title": "Tr\u00f8nderf\u00e5r", "price": 57.0, "product_variant": "175 g", "quantity_info": [[175.0, "g"]], "image_url": "/media/uploads/public/106/220/970620-9a40f-product_list.jpg", "unit_price_raw": "kr 325,71 per kg", "product_url": "https://kolonial.no/produkter/21922-grilstad-tronderfar/", "kolonial_id": "21922"},
  {"category": "Kattemat", "category_list": ["Alle varer", "Dyremat", "Kattemat"], "title": "Whiskas 1+ Sterile Kylling", "price": 52.8, "product_variant": "950 g", "quantity_info": [[950.0, "g"]], "image_url": "/media/uploads/public/145/319/969919-fac45-product_list.jpg", "unit_price_raw": "kr 55,58 per kg", "product_url": "https://kolonial.no/produkter/19501-whiskas-whiskas-1-sterile-kylling/", "kolonial_id": "19501"},
  {"category": "Fl\u00f8te og r\u00f8mmeprodukter", "category_list": ["Alle varer", "Melk, meieriprodukter og egg", "Fl\u00f8te og r\u00f8mmeprodukter"], "title": "Cr\u00e8me Fra\u00eeche", "price": 27.4, "product_variant": "Lett 18%, 300 g", "quantity_info": [[18.0, ""], [300.0, "g"]], "image_url": "/media/uploads/public/0/398/1198-2d2de-product_list.jpg", "unit_price_raw": "kr 91,33 per kg", "product_url": "https://kolonial.no/produkter/1324-tine-creme-fraiche-lett-300g/", "kolonial_id": "1324"},
  {"category": "Yoghurt", "category_list": ["Alle varer", "Melk, meieriprodukter og egg", "Yoghurt"], "title": "Skyr Mini Bringeb\u00e6r", "price": 13.5, "product_variant": "90 g", "quantity_info": [[90.0, "g"]], "image_url": "/media/uploads/public/156/77/970477-af160-product_list.jpg", "unit_price_raw": "kr 150,00 per kg", "product_url": "https://kolonial.no/produkter/21655-q-meieriene-skyr-mini-bringebaer/", "kolonial_id": "21655"},
  {"category": "Yoghurt", "category_list": ["Alle varer", "Melk, meieriprodukter og egg", "Yoghurt"], "title": "Skyr Appelsin & Mango", "price": 20.6, "product_variant": "160 g", "quantity_info": [[160.0, "g"]], "image_url": "/media/uploads/public/258/64/155264-9a204-product_list.jpg", "unit_price_raw": "kr 128,75 per kg", "product_url": "https://kolonial.no/produkter/25080-q-meieriene-skyr-appelsin-mango/", "kolonial_id": "25080"},
  {"category": "Sm\u00f8r og margarin", "category_list": ["Alle varer", "Melk, meieriprodukter og egg", "Sm\u00f8r og margarin"], "title": "Bremykt", "price": 31.3, "product_variant": "390 g", "quantity_info": [[390.0, "g"]], "image_url": "/media/uploads/public/321/356/969956-3efdb-product_list.jpg", "unit_price_raw": "kr 80,26 per kg", "product_url": "https://kolonial.no/produkter/452-bremykt-bremykt-390g/", "kolonial_id": "452"},
  {"category": "Energidrikk", "category_list": ["Alle varer", "Drikkevarer", "Energidrikk"], "title": "YT Sportsdrikk", "price": 31.4, "product_variant": "Sitrus, 0,5 l", "quantity_info": [[0.5, "l"]], "image_url": "/media/uploads/public/89/242/1021442-50300-product_list.jpg", "unit_price_raw": "kr 62,80 per l", "product_url": "https://kolonial.no/produkter/2326-tine-yt-sportsdrikk-sitrus-05l/", "kolonial_id": "2326"},
  {"category": "Energidrikk", "category_list": ["Alle varer", "Drikkevarer", "Energidrikk"], "title": "Red Bull", "price": 32.9, "product_variant": "Sukkerfri, 473 ml", "quantity_info": [[473.0, "ml"]], "image_url": "/media/uploads/public/56/66/1012866-9f1a0-product_list.jpg", "unit_price_raw": "kr 69,56 per l", "product_url": "https://kolonial.no/produkter/28098-red-bull-red-bull-sf-0473l-473ml-047-l/", "kolonial_id": "28098"},
  {"category": "Te", "category_list": ["Alle varer", "Drikkevarer", "Te"], "title": "Yellow Label Tea", "price": 31.8, "product_variant": "25 poser, 25 stk", "quantity_info": [[25.0, "poser"], [25.0, "stk"]], "image_url": "/media/uploads/public/284/57/974057-bd6d1-product_list.jpg", "unit_price_raw": "kr 1,27 per stk", "product_url": "https://kolonial.no/produkter/13978-lipton-yellow-label-tea-25-poser/", "kolonial_id": "13978"},
  {"category": "Kaffe", "category_list": ["Alle varer", "Drikkevarer", "Kaffe"], "title": "Zo\u00e9gas Sk\u00e5nerost", "price": 72.0, "product_variant": "450 g", "quantity_info": [[450.0, "g"]], "image_url": "/media/uploads/public/241/165/968165-d3201-product_list.jpg", "unit_price_raw": "kr 160,00 per kg", "product_url": "https://kolonial.no/produkter/5620-zoegas-zoegas-skanerost-450g/", "kolonial_id": "5620"},
  {"category": "Iste", "category_list": ["Alle varer", "Drikkevarer", "Iste"], "title": "Iste Fersken", "price": 16.1, "product_variant": "Pulver, 1 l", "quantity_info": [[1.0, "l"]], "image_url": "/media/uploads/public/267/394/964394-b89eb-product_list.jpg", "unit_price_raw": "kr 16,10 per l", "product_url": "https://kolonial.no/produkter/13984-lipton-iste-fersken-pulver-1l/", "kolonial_id": "13984"},
  {"category": "Saft", "category_list": ["Alle varer", "Drikkevarer", "Saft"], "title": "Sitron & Limesaft", "price": 45.2, "product_variant": "0,7 l", "quantity_info": [[0.7, "l"]], "image_url": "/media/uploads/public/191/24/974024-5a030-product_list.jpg", "unit_price_raw": "kr 64,57 per l", "product_url": "https://kolonial.no/produkter/13210-lerum-sitron-limesaft/", "kolonial_id": "13210"},
  {"category": "Smoothie", "category_list": ["Alle varer", "Drikkevarer", "Smoothie"], "title": "Smoothie Bl\u00e5b\u00e6r & Bringeb\u00e6r", "price": 20.9, "product_variant": "250 ml", "quantity_info": [[250.0, "ml"]], "image_url": "/media/uploads/public/278/83/158083-b3730-product_list.jpg", "unit_price_raw": "kr 83,60 per l", "product_url": "https://kolonial.no/produkter/24272-froosh-smoothie-blabaer-bringebaer/", "kolonial_id": "24272"},
  {"category": "Juice", "category_list": ["Alle varer", "Drikkevarer", "Juice"], "title": "Golden Glow", "price": 38.9, "product_variant": "Gulrot, Eple & Sitron, 250 ml", "quantity_info": [[250.0, "ml"]], "image_url": "/media/uploads/public/67/11/972811-38929-product_list.jpg", "unit_price_raw": "kr 155,60 per l", "product_url": "https://kolonial.no/produkter/27331-juiceriet-golden-glow-gulrot-elple-sitron/", "kolonial_id": "27331"},
  {"category": "Juice", "category_list": ["Alle varer", "Drikkevarer", "Juice"], "title": "Appelsinjuice", "price": 24.9, "product_variant": "1,5 l", "quantity_info": [[1.5, "l"]], "image_url": "/media/uploads/public/48/124/972524-fb2de-product_list.jpg", "unit_price_raw": "kr 16,60 per l", "product_url": "https://kolonial.no/produkter/7825-rema-1000-appelsinjuice-15l/", "kolonial_id": "7825"},
  {"category": "Vann og mineralvann", "category_list": ["Alle varer", "Drikkevarer", "Vann og mineralvann"], "title": "Farris Bris Naturell", "price": 21.8, "product_variant": "0,5 l", "quantity_info": [[0.5, "l"]], "image_url": "/media/uploads/public/0/128/6928-2f319-product_list.jpg", "unit_price_raw": "kr 43,60 per l", "product_url": "https://kolonial.no/produkter/507-ringnes-farris-bris-naturell-0-5l/", "kolonial_id": "507"},
  {"category": "Sm\u00f8reost og prim", "category_list": ["Alle varer", "Oster", "Sm\u00f8reost og prim"], "title": "Prim Original", "price": 27.9, "product_variant": "8% fett, 300 g", "quantity_info": [[8.0, "fett"], [300.0, "g"]], "image_url": "/media/uploads/public/27/211/971411-a2536-product_list.jpg", "unit_price_raw": "kr 93,00 per kg", "product_url": "https://kolonial.no/produkter/12226-tine-prim-original-8-fett/", "kolonial_id": "12226"},
  {"category": "Brunost", "category_list": ["Alle varer", "Oster", "Brunost"], "title": "Gudbrandsdalsost", "price": 82.4, "product_variant": "1 kg", "quantity_info": [[1.0, "kg"]], "image_url": "/media/uploads/public/379/319/972319-9132b-product_list.jpg", "unit_price_raw": "kr 82,40 per kg", "product_url": "https://kolonial.no/produkter/12250-tine-gudbrandsdalsost-1kg/", "kolonial_id": "12250"},
  {"category": "Brunost", "category_list": ["Alle varer", "Oster", "Brunost"], "title": "Fl\u00f8temysost", "price": 88.3, "product_variant": "1 kg", "quantity_info": [[1.0, "kg"]], "image_url": "/media/uploads/public/283/329/972329-b69d0-product_list.jpg", "unit_price_raw": "kr 88,30 per kg", "product_url": "https://kolonial.no/produkter/12241-tine-flotemysost-1kg/", "kolonial_id": "12241"},
  {"category": "Bleier", "category_list": ["Alle varer", "Barneprodukter", "Bleier"], "title": "Pampers Bleie Baby Dry", "price": 78.6, "product_variant": "Str.5 11-16kg, 44 stk", "quantity_info": [[511.0, ""], [16.0, "kg"], [44.0, "stk"]], "image_url": "/media/uploads/public/303/147/973747-8551a-product_list.jpg", "unit_price_raw": "kr 1,79 per stk", "product_url": "https://kolonial.no/produkter/27656-pampers-pampers-bleie-baby-dry-str5-11-16kg/", "kolonial_id": "27656"},
  {"category": "Spesialoster", "category_list": ["Alle varer", "Oster", "Spesialoster"], "title": "Toastost Skivet", "price": 38.1, "product_variant": "200 g", "quantity_info": [[200.0, "g"]], "image_url": "/media/uploads/public/122/335/966735-e5e94-product_list.jpg", "unit_price_raw": "kr 190,50 per kg", "product_url": "https://kolonial.no/produkter/4474-la-vache-qui-rit-toastost-skivet-200g/", "kolonial_id": "4474"},
  {"category": "Julens p\u00e5legg", "category_list": ["Alle varer", "P\u00e5legg", "Julens p\u00e5legg"], "title": "Julesylte i Bit", "price": 119.0, "product_variant": "ca. 400 g", "quantity_info": [[400.0, "g"]], "image_url": "/media/uploads/public/257/101/650901-2aea6-product_list.jpg", "unit_price_raw": "kr 297,50 per kg", "product_url": "https://kolonial.no/produkter/27062-loiten-julesylte-i-bit/", "kolonial_id": "27062"},
  {"category": "Brus", "category_list": ["Alle varer", "Drikkevarer", "Brus"], "title": "Urge", "price": 39.4, "product_variant": "1,5 l", "quantity_info": [[1.5, "l"]], "image_url": "/media/uploads/public/48/359/968359-c56c0-product_list.jpg", "unit_price_raw": "kr 26,27 per l", "product_url": "https://kolonial.no/produkter/7969-coca-cola-urge-15l/", "kolonial_id": "7969"},
  {"category": "Hundemat", "category_list": ["Alle varer", "Dyremat", "Hundemat"], "title": "Small Dog Kyll & Ris", "price": 98.4, "product_variant": "2 kg", "quantity_info": [[2.0, "kg"]], "image_url": "/media/uploads/public/59/146/156146-e3945-product_list.jpg", "unit_price_raw": "kr 49,20 per kg", "product_url": "https://kolonial.no/produkter/25047-pedigree-small-dog-kyll-ris/", "kolonial_id": "25047"},
  {"category": "Hundemat", "category_list": ["Alle varer", "Dyremat", "Hundemat"], "title": "Oksekj\u00f8tt", "price": 93.8, "product_variant": "3 kg", "quantity_info": [[3.0, "kg"]], "image_url": "/media/uploads/public/53/134/972534-e2a4a-product_list.jpg", "unit_price_raw": "kr 31,27 per kg", "product_url": "https://kolonial.no/produkter/13930-pedigree-oksekjott/", "kolonial_id": "13930"},
  {"category": "Taco", "category_list": ["Alle varer", "Pizza og taco", "Taco"], "title": "Tortillas Mini", "price": 11.4, "product_variant": "Tastelab, 8 stk, 240 g", "quantity_info": [[8.0, "stk"], [240.0, "g"]], "image_url": "/media/uploads/public/11/14/971214-ed1ef-product_list.jpg", "unit_price_raw": "kr 47,50 per kg", "product_url": "https://kolonial.no/produkter/23653-rema-1000-tortillas-mini-tastelab-8-stk/", "kolonial_id": "23653"},
  {"category": "Buljong og fond", "category_list": ["Alle varer", "Olje og krydder", "Buljong og fond"], "title": "Fond Cups Kylling", "price": 22.9, "product_variant": "4 stk, 96 g", "quantity_info": [[4.0, "stk"], [96.0, "g"]], "image_url": "/media/uploads/public/99/390/998790-6b7e9-product_list.jpg", "unit_price_raw": "kr 238,54 per kg", "product_url": "https://kolonial.no/produkter/27319-maggi-fond-cups-kylling-4-stk/", "kolonial_id": "27319"},
  {"category": "Ketchup og sennep", "category_list": ["Alle varer", "Olje og krydder", "Ketchup og sennep"], "title": "Sriracha-Saus", "price": 32.9, "product_variant": "215 ml", "quantity_info": [[215.0, "ml"]], "image_url": "/media/uploads/public/313/52/969652-1091e-product_list.jpg", "unit_price_raw": "kr 153,02 per l", "product_url": "https://kolonial.no/produkter/18907-go-tan-sriracha-saus/", "kolonial_id": "18907"},
  {"category": "Ketchup og sennep", "category_list": ["Alle varer", "Olje og krydder", "Ketchup og sennep"], "title": "Tomatketchup", "price": 25.2, "product_variant": "450 g", "quantity_info": [[450.0, "g"]], "image_url": "/media/uploads/public/66/267/973467-fdce2-product_list.jpg", "unit_price_raw": "kr 56,00 per kg", "product_url": "https://kolonial.no/produkter/27412-heinz-tomatketchup/", "kolonial_id": "27412"},
  {"category": "Hjemmelaget pizza", "category_list": ["Alle varer", "Pizza og taco", "Hjemmelaget pizza"], "title": "Pizza- og pastamel", "price": 33.0, "product_variant": "Tipo-00, 1 kg", "quantity_info": [[0.1, "kg"]], "image_url": "/media/uploads/public/0/57/23257-6cdfa-product_list.jpg", "unit_price_raw": "kr 33,00 per kg", "product_url": "https://kolonial.no/produkter/9845-dallari-tipo-00-pizzamel-1kg/", "kolonial_id": "9845"},
  {"category": "Deodorant", "category_list": ["Alle varer", "Hygieneartikler", "Deodorant"], "title": "Mild & Pleiende Deodorant", "price": 31.9, "product_variant": "50 ml", "quantity_info": [[50.0, "ml"]], "image_url": "/media/uploads/public/159/393/155193-ab535-product_list.jpg", "unit_price_raw": "kr 638,00 per l", "product_url": "https://kolonial.no/produkter/24987-dr-greve-mild-pleiende-deodorant/", "kolonial_id": "24987"},
  {"category": "Melk", "category_list": ["Alle varer", "Melk, meieriprodukter og egg", "Melk"], "title": "Q Helmelk", "price": 19.5, "product_variant": "1 l", "quantity_info": [[1.0, "l"]], "image_url": "/media/uploads/public/248/22/969222-776fa-product_list.jpg", "unit_price_raw": "kr 19,50 per l", "product_url": "https://kolonial.no/produkter/17731-q-meieriene-q-helmelk/", "kolonial_id": "17731"},
  {"category": "Barbering", "category_list": ["Alle varer", "Hygieneartikler", "Barbering"], "title": "Gillette Engangsh\u00f8vel", "price": 49.9, "product_variant": "4 stk", "quantity_info": [[4.0, "stk"]], "image_url": "/media/uploads/public/366/314/969914-a7b02-product_list.jpg", "unit_price_raw": "kr 12,48 per stk", "product_url": "https://kolonial.no/produkter/19498-gillette-gillette-engangshovel/", "kolonial_id": "19498"},
  {"category": "Barbering", "category_list": ["Alle varer", "Hygieneartikler", "Barbering"], "title": "Barberh\u00f8vel Mach3", "price": 102.5, "product_variant": "1 stk", "quantity_info": [[1.0, "stk"]], "image_url": "/media/uploads/public/187/45/187645-86426-product_list.jpg", "unit_price_raw": "kr 102,50 per stk", "product_url": "https://kolonial.no/produkter/25338-gillette-barberhovel-mach3/", "kolonial_id": "25338"},
  {"category": "Barnes\u00e5pe og babyolje", "category_list": ["Alle varer", "Shampo, s\u00e5pe og krem", "Barnes\u00e5pe og babyolje"], "title": "Shampo Baby", "price": 27.1, "product_variant": "250 ml", "quantity_info": [[250.0, "ml"]], "image_url": "/media/uploads/public/324/144/969344-a8825-product_list.jpg", "unit_price_raw": "kr 108,40 per l", "product_url": "https://kolonial.no/produkter/17983-rema-1000-shampo-baby/", "kolonial_id": "17983"},
  {"category": "Krydder", "category_list": ["Alle varer", "Olje og krydder", "Krydder"], "title": "Jozo Fint Salt", "price": 10.6, "product_variant": "Uten Jod, 1 kg", "quantity_info": [[1.0, "kg"]], "image_url": "/media/uploads/public/0/196/51796-81063-product_list.jpg", "unit_price_raw": "kr 10,60 per kg", "product_url": "https://kolonial.no/produkter/1027-jozo-jozo-fint-salt-uten-jod/", "kolonial_id": "1027"},
  {"category": "Helsekost", "category_list": ["Alle varer", "Legemidler og helsekost", "Helsekost"], "title": "Floradix Formula Jern & Vitaminer", "price": 129.5, "product_variant": "250 ml", "quantity_info": [[250.0, "ml"]], "image_url": "/media/uploads/public/95/66/968866-fc5d3-product_list.jpg", "unit_price_raw": "kr 518,00 per l", "product_url": "https://kolonial.no/produkter/16744-floradix-formula-jern-vitaminer/", "kolonial_id": "16744"},
  {"category": "Proteinbar og m\u00fcslibar", "category_list": ["Alle varer", "Legemidler og helsekost", "Proteinbar og m\u00fcslibar"], "title": "YT Restitusjonsbar Karamell", "price": 31.4, "product_variant": "65 g", "quantity_info": [[65.0, "g"]], "image_url": "/media/uploads/public/95/234/1021434-ad7ca-product_list.jpg", "unit_price_raw": "kr 483,08 per kg", "product_url": "https://kolonial.no/produkter/23475-tine-yt-restitusjonsbar-karamell/", "kolonial_id": "23475"},
  {"category": "Bind og tamponger", "category_list": ["Alle varer", "Hygieneartikler", "Bind og tamponger"], "title": "Libresse String", "price": 29.2, "product_variant": "Truseinnlegg 30stk, 30 stk", "quantity_info": [[30.0, "stk"], [30.0, "stk"]], "image_url": "/media/uploads/public/149/176/964976-aefd6-product_list.jpg", "unit_price_raw": "kr 0,97 per stk", "product_url": "https://kolonial.no/produkter/402-libresse-string-truseinnlegg-30stk/", "kolonial_id": "402"},
  {"category": "Bind og tamponger", "category_list": ["Alle varer", "Hygieneartikler", "Bind og tamponger"], "title": "Multistyle Truseinnlegg Normal", "price": 35.6, "product_variant": "28 stk", "quantity_info": [[28.0, "stk"]], "image_url": "/media/uploads/public/139/262/967862-def34-product_list.jpg", "unit_price_raw": "kr 1,27 per stk", "product_url": "https://kolonial.no/produkter/13036-libresse-multistyle-truseinnlegg-normal-28stk/", "kolonial_id": "13036"},
  {"category": "Kluter, svamper og hansker", "category_list": ["Alle varer", "T\u00f8rkepapir og vaskemidler", "Kluter, svamper og hansker"], "title": "Jif Engangsv\u00e5tmopp Krystal", "price": 83.4, "product_variant": "10 stk", "quantity_info": [[10.0, "stk"]], "image_url": "/media/uploads/public/218/156/730156-50564-product_list.jpg", "unit_price_raw": "kr 8,34 per stk", "product_url": "https://kolonial.no/produkter/3625-jif-jif-engangsvatmopp-krystal/", "kolonial_id": "3625"},
  {"category": "Shampo og h\u00e5rprodukter", "category_list": ["Alle varer", "Shampo, s\u00e5pe og krem", "Shampo og h\u00e5rprodukter"], "title": "Strength & Shine Balsam", "price": 41.8, "product_variant": "Fructis, 250ml, 200 ml", "quantity_info": [[250.0, "ml"], [200.0, "ml"]], "image_url": "/media/uploads/public/350/102/972102-5a469-product_list.jpg", "unit_price_raw": "kr 209,00 per l", "product_url": "https://kolonial.no/produkter/12739-garnier-strenght-shine-balsam-fructis-250ml/", "kolonial_id": "12739"},
  {"category": "Krem", "category_list": ["Alle varer", "Shampo, s\u00e5pe og krem", "Krem"], "title": "Age Perfect Dagkrem", "price": 120.5, "product_variant": "Dermo Expertise, 50 ml", "quantity_info": [[50.0, "ml"]], "image_url": "/media/uploads/public/0/366/19966-aad23-product_list.jpg", "unit_price_raw": "kr 2410,00 per l", "product_url": "https://kolonial.no/produkter/12709-loreal-age-perfect-dagkrem-dermo-expertise-50ml/", "kolonial_id": "12709"},
  {"category": "Gulost", "category_list": ["Alle varer", "Oster", "Gulost"], "title": "Gulost Skivet", "price": 26.1, "product_variant": "150 g", "quantity_info": [[150.0, "g"]], "image_url": "/media/uploads/public/72/24/967224-258fc-product_list.jpg", "unit_price_raw": "kr 174,00 per kg", "product_url": "https://kolonial.no/produkter/3523-synnove-gulost-skivet-150g/", "kolonial_id": "3523"},
  {"category": "Oppvask", "category_list": ["Alle varer", "T\u00f8rkepapir og vaskemidler", "Oppvask"], "title": "Oppvaskb\u00f8rste Trend", "price": 34.9, "product_variant": "Assortert Design, 1 stk", "quantity_info": [[1.0, "stk"]], "image_url": "/media/uploads/public/94/81/968081-f7cda-product_list.jpg", "unit_price_raw": "kr 34,90 per stk", "product_url": "https://kolonial.no/produkter/6970-jordan-oppvaskborste-trend-assortert-design/", "kolonial_id": "6970"},
  {"category": "Fryst pizza", "category_list": ["Alle varer", "Pizza og taco", "Fryst pizza"], "title": "Grandiosa Hjemmelaget", "price": 96.8, "product_variant": "Kj\u00f8ttdeig, 1000 g", "quantity_info": [[1000.0, "g"]], "image_url": "/media/uploads/public/141/190/968190-37ecd-product_list.jpg", "unit_price_raw": "kr 96,80 per kg", "product_url": "https://kolonial.no/produkter/14467-grandiosa-grandiosa-hjemmelaget-kjottdeig/", "kolonial_id": "14467"},
  {"category": "Tannpleie", "category_list": ["Alle varer", "Hygieneartikler", "Tannpleie"], "title": "Tannb\u00f8rste", "price": 38.7, "product_variant": "6-9 \u00e5r, Assortert Farge, 1 stk", "quantity_info": [[6.0, ""], [9.0, "\u00e5rAssortertFarge"], [1.0, "stk"]], "image_url": "/media/uploads/public/3/117/964917-72635-product_list.jpg", "unit_price_raw": "kr 38,70 per stk", "product_url": "https://kolonial.no/produkter/905-jordan-tannborste-6-9-ar-assortert-farge/", "kolonial_id": "905"},
  {"category": "Tannpleie", "category_list": ["Alle varer", "Hygieneartikler", "Tannpleie"], "title": "Tannb\u00f8rste Clean Between", "price": 32.5, "product_variant": "Soft, Assortert Design, 1 stk", "quantity_info": [[1.0, "stk"]], "image_url": "/media/uploads/public/294/99/964899-fe6b4-product_list.jpg", "unit_price_raw": "kr 32,50 per stk", "product_url": "https://kolonial.no/produkter/11389-jordan-tannborste-clean-between-soft-assortert-des/", "kolonial_id": "11389"},
  {"category": "Vaskemidler", "category_list": ["Alle varer", "T\u00f8rkepapir og vaskemidler", "Vaskemidler"], "title": "Klorin", "price": 23.5, "product_variant": "750 ml", "quantity_info": [[750.0, "ml"]], "image_url": "/media/uploads/public/191/18/964818-d0ec0-product_list.jpg", "unit_price_raw": "kr 31,33 per l", "product_url": "https://kolonial.no/produkter/657-klorin-klorin/", "kolonial_id": "657"},
  {"category": "Frossen fisk og sj\u00f8mat", "category_list": ["Alle varer", "Fisk og sj\u00f8mat", "Frossen fisk og sj\u00f8mat"], "title": "Kapteinens Fylte Torsk med Hollandaisesaus", "price": 66.3, "product_variant": "300 g", "quantity_info": [[300.0, "g"]], "image_url": "/media/uploads/public/382/245/971445-aa4d9-product_list.jpg", "unit_price_raw": "kr 221,00 per kg", "product_url": "https://kolonial.no/produkter/23356-findus-kapteinens-fylte-torsk-med-hollandaisesaus/", "kolonial_id": "23356"},
  {"category": "Baketilbeh\u00f8r", "category_list": ["Alle varer", "Mel og bakeingredienser", "Baketilbeh\u00f8r"], "title": "Fersk Gj\u00e6r Original", "price": 3.2, "product_variant": "50 g", "quantity_info": [[50.0, "g"]], "image_url": "/media/uploads/public/302/331/970731-64786-product_list.jpg", "unit_price_raw": "kr 64,00 per kg", "product_url": "https://kolonial.no/produkter/41-idun-fersk-gjaer-original-50g/", "kolonial_id": "41"},
  {"category": "Baketilbeh\u00f8r", "category_list": ["Alle varer", "Mel og bakeingredienser", "Baketilbeh\u00f8r"], "title": "Natron", "price": 14.1, "product_variant": "50 g", "quantity_info": [[50.0, "g"]], "image_url": "/media/uploads/public/103/149/972549-17d4a-product_list.jpg", "unit_price_raw": "kr 282,00 per kg", "product_url": "https://kolonial.no/produkter/23-idun-natron-50g/", "kolonial_id": "23"},
  {"category": "Ferske br\u00f8d", "category_list": ["Alle varer", "Br\u00f8d og frokostblandinger", "Ferske br\u00f8d"], "title": "Grov Kneipp", "price": 20.9, "product_variant": "Oppsk\u00e5ret, 670 g", "quantity_info": [[670.0, "g"]], "image_url": "/media/uploads/public/25/272/665072-ebdb9-product_list.jpg", "unit_price_raw": "kr 31,19 per kg", "product_url": "https://kolonial.no/produkter/27241-brodverket-kneip-skaret/", "kolonial_id": "27241"},
  {"category": "Klesvask", "category_list": ["Alle varer", "T\u00f8rkepapir og vaskemidler", "Klesvask"], "title": "Maskinvask Hvitt", "price": 40.4, "product_variant": "1,1 kg", "quantity_info": [[1.1, "kg"]], "image_url": "/media/uploads/public/269/220/156620-e17b3-product_list.jpg", "unit_price_raw": "kr 36,73 per kg", "product_url": "https://kolonial.no/produkter/8498-rema-1000-maskinvask-hvitt-11kg/", "kolonial_id": "8498"},
  {"category": "R\u00f8kt og gravet fisk", "category_list": ["Alle varer", "Fisk og sj\u00f8mat", "R\u00f8kt og gravet fisk"], "title": "Kaldr\u00f8kt Sildefilet", "price": 28.8, "product_variant": "250 g", "quantity_info": [[250.0, "g"]], "image_url": "/media/uploads/public/97/231/156631-57af8-product_list.jpg", "unit_price_raw": "kr 115,20 per kg", "product_url": "https://kolonial.no/produkter/24586-godehav-kaldrokt-sildefilet/", "kolonial_id": "24586"},
  {"category": "Fersk fisk", "category_list": ["Alle varer", "Fisk og sj\u00f8mat", "Fersk fisk"], "title": "Lettsaltet Torskefilet", "price": 61.1, "product_variant": "Fiskcentralen, \n                            \n\n                            Med Skinn Ca 350-400g", "quantity_info": [[350.0, ""], [400.0, "g"]], "image_url": "/media/uploads/public/0/173/40173-c8115-product_list_large.jpg", "unit_price_raw": "kr 152,75 per kg", "product_url": "https://kolonial.no/produkter/16497-fiskcentralen-lettsaltet-torsk-350-400g/", "kolonial_id": "16497"},
  {"category": "Oljer og dressinger", "category_list": ["Alle varer", "Olje og krydder", "Oljer og dressinger"], "title": "Rapsolje Kaldpresset", "price": 50.9, "product_variant": "Steking, 0,45 l", "quantity_info": [[0.45, "l"]], "image_url": "/media/uploads/public/270/173/967773-b08fe-product_list.jpg", "unit_price_raw": "kr 113,11 per l", "product_url": "https://kolonial.no/produkter/2359-odelia-rapsolje-kaldpresset-steking-045l/", "kolonial_id": "2359"},
  {"category": "Oljer og dressinger", "category_list": ["Alle varer", "Olje og krydder", "Oljer og dressinger"], "title": "Soyaolje", "price": 23.4, "product_variant": "1 l", "quantity_info": [[1.0, "l"]], "image_url": "/media/uploads/public/116/304/964304-ff87f-product_list.jpg", "unit_price_raw": "kr 23,40 per l", "product_url": "https://kolonial.no/produkter/8290-rema-1000-soyaolje-1l/", "kolonial_id": "8290"},
  {"category": "Ferdigmikser", "category_list": ["Alle varer", "Mel og bakeingredienser", "Ferdigmikser"], "title": "Boller 1-2-3", "price": 22.2, "product_variant": "1 kg", "quantity_info": [[1.0, "kg"]], "image_url": "/media/uploads/public/143/113/965313-d7006-product_list.jpg", "unit_price_raw": "kr 22,20 per kg", "product_url": "https://kolonial.no/produkter/47-mollerens-boller-1-2-3-1-kg/", "kolonial_id": "47"},
  {"category": "Tyggis og pastiller", "category_list": ["Alle varer", "Snacks og godteri", "Tyggis og pastiller"], "title": "Fisherman's Friend Mint", "price": 20.4, "product_variant": "25 g", "quantity_info": [[25.0, "g"]], "image_url": "/media/uploads/public/68/73/985273-265da-product_list.jpg", "unit_price_raw": "kr 816,00 per kg", "product_url": "https://kolonial.no/produkter/17542-lofthouses-fishermans-friend-mint/", "kolonial_id": "17542"},
  {"category": "Storfe", "category_list": ["Alle varer", "Kj\u00f8tt og kylling", "Storfe"], "title": "Entrecote av Storfe i Skiver", "price": 34.33, "product_variant": "Prima, ca. 250 g", "quantity_info": [[250.0, "g"]], "image_url": "/media/uploads/public/348/10/998810-beddc-product_list.jpg", "unit_price_raw": "kr 137,32 per kg", "product_url": "https://kolonial.no/produkter/25940-entrecote-av-storfe-i-skiver/", "kolonial_id": "25940"},
  {"category": "Frokostblandinger og gryn", "category_list": ["Alle varer", "Br\u00f8d og frokostblandinger", "Frokostblandinger og gryn"], "title": "Havregryn \u00d8kologisk", "price": 27.1, "product_variant": "900 g", "quantity_info": [[900.0, "g"]], "image_url": "/media/uploads/public/314/143/968143-303ec-product_list.jpg", "unit_price_raw": "kr 30,11 per kg", "product_url": "https://kolonial.no/produkter/8975-axa-havregryn-okologisk-900g/", "kolonial_id": "8975"},
  {"category": "Frokostblandinger og gryn", "category_list": ["Alle varer", "Br\u00f8d og frokostblandinger", "Frokostblandinger og gryn"], "title": "Energi Gold", "price": 42.6, "product_variant": "675 g", "quantity_info": [[675.0, "g"]], "image_url": "/media/uploads/public/94/156/186156-1b464-product_list.jpg", "unit_price_raw": "kr 63,11 per kg", "product_url": "https://kolonial.no/produkter/9488-axa-energi-gold-750g/", "kolonial_id": "9488"},
  {"category": "Bursdag", "category_list": ["Alle varer", "Barneprodukter", "Bursdag"], "title": "Isfontene", "price": 31.0, "product_variant": "3 stk", "quantity_info": [[3.0, "stk"]], "image_url": "/media/uploads/public/0/373/45973-3b200-product_list.jpg", "unit_price_raw": "kr 10,33 per stk", "product_url": "https://kolonial.no/produkter/14911-isfontene/", "kolonial_id": "14911"},
  {"category": "Frosne br\u00f8d og rundstykker", "category_list": ["Alle varer", "Br\u00f8d og frokostblandinger", "Frosne br\u00f8d og rundstykker"], "title": "Glutenfrie Pitabr\u00f8d", "price": 45.2, "product_variant": "2 stk, 230 g", "quantity_info": [[2.0, "stk"], [230.0, "g"]], "image_url": "/media/uploads/public/370/83/970483-b3740-product_list.jpg", "unit_price_raw": "kr 196,52 per kg", "product_url": "https://kolonial.no/produkter/21667-hatting-glutenfrie-pitabrod-2-stk/", "kolonial_id": "21667"},
  {"category": "Supper", "category_list": ["Alle varer", "Middager og tilbeh\u00f8r", "Supper"], "title": "Gul ertesuppe", "price": 25.4, "product_variant": "146 g", "quantity_info": [[146.0, "g"]], "image_url": "/media/uploads/public/374/158/967758-43d28-product_list.jpg", "unit_price_raw": "kr 173,97 per kg", "product_url": "https://kolonial.no/produkter/757-toro-gul-ertesuppe/", "kolonial_id": "757"},
  {"category": "Knekkebr\u00f8d", "category_list": ["Alle varer", "Br\u00f8d og frokostblandinger", "Knekkebr\u00f8d"], "title": "Sandwich Brunost", "price": 13.2, "product_variant": "36 g", "quantity_info": [[36.0, "g"]], "image_url": "/media/uploads/public/274/167/964967-536e2-product_list.jpg", "unit_price_raw": "kr 366,67 per kg", "product_url": "https://kolonial.no/produkter/6961-wasa-sandwich-brunost-37g/", "kolonial_id": "6961"},
  {"category": "Langtidsholdbare br\u00f8d", "category_list": ["Alle varer", "Br\u00f8d og frokostblandinger", "Langtidsholdbare br\u00f8d"], "title": "Naan Bread", "price": 27.8, "product_variant": "260 g", "quantity_info": [[260.0, "g"]], "image_url": "/media/uploads/public/151/161/971361-c941b-product_list.jpg", "unit_price_raw": "kr 106,92 per kg", "product_url": "https://kolonial.no/produkter/7360-santa-maria-naan-bread/", "kolonial_id": "7360"},
  {"category": "Langtidsholdbare br\u00f8d", "category_list": ["Alle varer", "Br\u00f8d og frokostblandinger", "Langtidsholdbare br\u00f8d"], "title": "Naan Bread Garlic", "price": 28.3, "product_variant": "260 g", "quantity_info": [[260.0, "g"]], "image_url": "/media/uploads/public/199/48/971248-51a7f-product_list.jpg", "unit_price_raw": "kr 108,85 per kg", "product_url": "https://kolonial.no/produkter/23373-santa-maria-naan-bread-garlic/", "kolonial_id": "23373"},
  {"category": "Pasta og nudler", "category_list": ["Alle varer", "Middager og tilbeh\u00f8r", "Pasta og nudler"], "title": "Speltspagetti Fullkorn", "price": 47.0, "product_variant": "\u00d8kologisk, 500 g", "quantity_info": [[500.0, "g"]], "image_url": "/media/uploads/public/0/117/83317-a3ce8-product_list.jpg", "unit_price_raw": "kr 94,00 per kg", "product_url": "https://kolonial.no/produkter/20362-helios-speltspagetti-fullkorn-okologisk/", "kolonial_id": "20362"},
  {"category": "Hermetisert frukt og gr\u00f8nt", "category_list": ["Alle varer", "Frukt og gr\u00f8nt", "Hermetisert frukt og gr\u00f8nt"], "title": "Kokosmelk Lett", "price": 14.1, "product_variant": "400 ml", "quantity_info": [[400.0, "ml"]], "image_url": "/media/uploads/public/178/315/973115-7c897-product_list.jpg", "unit_price_raw": "kr 35,25 per l", "product_url": "https://kolonial.no/produkter/13321-rema-1000-kokosmelk-lett-400ml/", "kolonial_id": "13321"},
  {"category": "Hermetisert frukt og gr\u00f8nt", "category_list": ["Alle varer", "Frukt og gr\u00f8nt", "Hermetisert frukt og gr\u00f8nt"], "title": "Sushi Ingef\u00e6r", "price": 49.1, "product_variant": "190 g", "quantity_info": [[190.0, "g"]], "image_url": "/media/uploads/public/0/80/13280-8a926-product_list.jpg", "unit_price_raw": "kr 258,42 per kg", "product_url": "https://kolonial.no/produkter/9914-saitaku-sushi-ingefaer-190g/", "kolonial_id": "9914"},
  {"category": "Diverse husholdning", "category_list": ["Alle varer", "Husholdning og tekstil", "Diverse husholdning"], "title": "Jo-Ni M\u00f8belpuss", "price": 71.0, "product_variant": "200 ml", "quantity_info": [[200.0, "ml"]], "image_url": "/media/uploads/public/90/55/296055-aaa04-product_list.jpg", "unit_price_raw": "kr 355,00 per l", "product_url": "https://kolonial.no/produkter/25456-jo-ni-mobelpuss/", "kolonial_id": "25456"},
  {"category": "Ferdige middagsretter", "category_list": ["Alle varer", "Middager og tilbeh\u00f8r", "Ferdige middagsretter"], "title": "Risgr\u00f8t Velbekomme", "price": 29.8, "product_variant": "385 g", "quantity_info": [[385.0, "g"]], "image_url": "/media/uploads/public/339/44/966444-ef57e-product_list.jpg", "unit_price_raw": "kr 77,40 per kg", "product_url": "https://kolonial.no/produkter/5104-toro-risengrot-velbekomme-400g/", "kolonial_id": "5104"},
  {"category": "Ferdigsauser", "category_list": ["Alle varer", "Middager og tilbeh\u00f8r", "Ferdigsauser"], "title": "Pastasaus Arrabbiata", "price": 34.2, "product_variant": "\u00d8kologisk, 380 g", "quantity_info": [[380.0, "g"]], "image_url": "/media/uploads/public/0/397/83197-ade3d-product_list.jpg", "unit_price_raw": "kr 90,00 per kg", "product_url": "https://kolonial.no/produkter/20260-helios-pastasaus-arrabbiata-okologisk/", "kolonial_id": "20260"},
  {"category": "Ferdigsauser", "category_list": ["Alle varer", "Middager og tilbeh\u00f8r", "Ferdigsauser"], "title": "Pastasaus Mild", "price": 31.4, "product_variant": "\u00d8kologisk, 380 g", "quantity_info": [[380.0, "g"]], "image_url": "/media/uploads/public/0/394/83194-230ea-product_list.jpg", "unit_price_raw": "kr 82,63 per kg", "product_url": "https://kolonial.no/produkter/20254-helios-pastasaus-mild-okologisk/", "kolonial_id": "20254"},
  {"category": "P\u00f8lser", "category_list": ["Alle varer", "Kj\u00f8tt og kylling", "P\u00f8lser"], "title": "Berliner-Knacker", "price": 33.8, "product_variant": "250 g", "quantity_info": [[250.0, "g"]], "image_url": "/media/uploads/public/139/257/368257-1db69-product_list.jpg", "unit_price_raw": "kr 135,20 per kg", "product_url": "https://kolonial.no/produkter/22963-finsbraten-berliner-knacker/", "kolonial_id": "22963"},
  {"category": "Kontor", "category_list": ["Alle varer", "Husholdning og tekstil", "Kontor"], "title": "Postblokken A5 med linjer", "price": 17.4, "product_variant": "50 ark, 1 stk", "quantity_info": [[50.0, "ark"], [1.0, "stk"]], "image_url": "/media/uploads/public/0/211/45811-b13ee-product_list.jpg", "unit_price_raw": "kr 17,40 per stk", "product_url": "https://kolonial.no/produkter/14656-postblokken-a5-med-linjer-50-ark/", "kolonial_id": "14656"},
  {"category": "Kj\u00f8ttboller og karbonader", "category_list": ["Alle varer", "Kj\u00f8tt og kylling", "Kj\u00f8ttboller og karbonader"], "title": "Kj\u00f8ttkaker Ferske", "price": 55.4, "product_variant": "800 g", "quantity_info": [[800.0, "g"]], "image_url": "/media/uploads/public/158/205/156605-b4231-product_list.jpg", "unit_price_raw": "kr 69,25 per kg", "product_url": "https://kolonial.no/produkter/4738-nordfjord-kjottkaker-ferske-best-pris/", "kolonial_id": "4738"},
  {"category": "Kj\u00f8kkenredskap", "category_list": ["Alle varer", "Husholdning og tekstil", "Kj\u00f8kkenredskap"], "title": "Frysebeger", "price": 31.8, "product_variant": "3 dl, 5 stk", "quantity_info": [[3.0, "dl"], [5.0, "stk"]], "image_url": "/media/uploads/public/6/218/156618-70716-product_list.jpg", "unit_price_raw": "kr 6,36 per stk", "product_url": "https://kolonial.no/produkter/24924-soft-style-frysebeger-3-dl/", "kolonial_id": "24924"},
  {"category": "Engangs og Servietter", "category_list": ["Alle varer", "Husholdning og tekstil", "Engangs og Servietter"], "title": "Suger\u00f8r Med B\u00f8y", "price": 12.3, "product_variant": "Assorterte Farger, 50 stk", "quantity_info": [[50.0, "stk"]], "image_url": "/media/uploads/public/0/214/45814-88c7d-product_list.jpg", "unit_price_raw": "kr 0,25 per stk", "product_url": "https://kolonial.no/produkter/14659-sugeror-med-boy-assorterte-farger/", "kolonial_id": "14659"},
  {"category": "Salater og k\u00e5l", "category_list": ["Alle varer", "Frukt og gr\u00f8nt", "Salater og k\u00e5l"], "title": "Crispisalat", "price": 57.7, "product_variant": "Spania/ Italia, 400 g", "quantity_info": [[400.0, "g"]], "image_url": "/media/uploads/public/334/53/296053-dab7c-product_list.jpg", "unit_price_raw": "kr 144,25 per kg", "product_url": "https://kolonial.no/produkter/19054-crispisalat-norge/", "kolonial_id": "19054"},
  {"category": "Gr\u00f8nnsaker", "category_list": ["Alle varer", "Frukt og gr\u00f8nt", "Gr\u00f8nnsaker"], "title": "Kinesisk Hvitl\u00f8k u/Fedd", "price": 19.9, "product_variant": "hele, Kina, 100 g", "quantity_info": [[100.0, "g"]], "image_url": "/media/uploads/public/306/111/505311-95188-product_list.jpg", "unit_price_raw": "kr 199,00 per kg", "product_url": "https://kolonial.no/produkter/9248-kinesisk-hvitlok-hele-uten-fedd-kina/", "kolonial_id": "9248"},
  {"category": "Frukt", "category_list": ["Alle varer", "Frukt og gr\u00f8nt", "Frukt"], "title": "\u00d8kologiske Klementiner, i Nett", "price": 39.9, "product_variant": "Spania, 500 g", "quantity_info": [[500.0, "g"]], "image_url": "/media/uploads/public/112/335/643935-67328-product_list.jpg", "unit_price_raw": "kr 79,80 per kg", "product_url": "https://kolonial.no/produkter/26721-okologiske-klementiner-i-nett-spania/", "kolonial_id": "26721"},
  {"category": "Frukt", "category_list": ["Alle varer", "Frukt og gr\u00f8nt", "Frukt"], "title": "\u00d8kologiske Sitroner", "price": 30.9, "product_variant": "S\u00f8r Afrika, 240 g", "quantity_info": [[240.0, "g"]], "image_url": "/media/uploads/public/309/227/137027-2d0bb-product_list.jpg", "unit_price_raw": "kr 15,45 per stk", "product_url": "https://kolonial.no/produkter/23921-okologiske-sitroner-sor-afrika/", "kolonial_id": "23921"},
  {"category": "Frossen frukt og gr\u00f8nt", "category_list": ["Alle varer", "Frukt og gr\u00f8nt", "Frossen frukt og gr\u00f8nt"], "title": "Opph\u00f8gde Poteter \u00d8kologis", "price": 43.6, "product_variant": "500 g", "quantity_info": [[500.0, "g"]], "image_url": "/media/uploads/public/328/260/971460-7b71a-product_list.jpg", "unit_price_raw": "kr 87,20 per kg", "product_url": "https://kolonial.no/produkter/23443-hoff-opphogde-poteter-okologis/", "kolonial_id": "23443"},
  {"category": "Middags-kit og gryteretter", "category_list": ["Alle varer", "Middager og tilbeh\u00f8r", "Middags-kit og gryteretter"], "title": "Ertestuing Snarkokt", "price": 15.9, "product_variant": "164 g", "quantity_info": [[164.0, "g"]], "image_url": "/media/uploads/public/4/97/967697-5a118-product_list.jpg", "unit_price_raw": "kr 96,95 per kg", "product_url": "https://kolonial.no/produkter/6430-toro-ertestuing-snarkokt/", "kolonial_id": "6430"},
  {"category": "Ris og gryn", "category_list": ["Alle varer", "Middager og tilbeh\u00f8r", "Ris og gryn"], "title": "Jasminris", "price": 35.6, "product_variant": "8x125g, Boil-in-bag, 1 kg", "quantity_info": [[8.0, "x"], [125.0, "gBoilinbag"], [1.0, "kg"]], "image_url": "/media/uploads/public/50/304/164704-ac144-product_list.jpg", "unit_price_raw": "kr 35,60 per kg", "product_url": "https://kolonial.no/produkter/24926-rema-1000-jasminris-8x125g-boil-bag/", "kolonial_id": "24926"},
  {"category": "Posesauser", "category_list": ["Alle varer", "Middager og tilbeh\u00f8r", "Posesauser"], "title": "Kantarell & Sjampinjongsaus", "price": 23.1, "product_variant": "23 g", "quantity_info": [[23.0, "g"]], "image_url": "/media/uploads/public/261/272/967472-50574-product_list.jpg", "unit_price_raw": "kr 1004,35 per kg", "product_url": "https://kolonial.no/produkter/10694-toro-kantarell-sjampinjongsaus-23g/", "kolonial_id": "10694"},
  {"category": "Posesauser", "category_list": ["Alle varer", "Middager og tilbeh\u00f8r", "Posesauser"], "title": "Kremet kyllingsaus", "price": 18.6, "product_variant": "30 g", "quantity_info": [[30.0, "g"]], "image_url": "/media/uploads/public/48/234/965434-a1c25-product_list.jpg", "unit_price_raw": "kr 620,00 per kg", "product_url": "https://kolonial.no/produkter/738-toro-kremet-kyllingsaus/", "kolonial_id": "738"},
  {"category": "Middagstilbeh\u00f8r", "category_list": ["Alle varer", "Middager og tilbeh\u00f8r", "Middagstilbeh\u00f8r"], "title": "Mandelpotetstappe", "price": 28.8, "product_variant": "500 g", "quantity_info": [[500.0, "g"]], "image_url": "/media/uploads/public/313/358/971958-3abc9-product_list.jpg", "unit_price_raw": "kr 57,60 per kg", "product_url": "https://kolonial.no/produkter/24494-hoff-mandelpotetstappe/", "kolonial_id": "24494"},
  {"category": "N\u00f8tter", "category_list": ["Alle varer", "Snacks og godteri", "N\u00f8tter"], "title": "Cashewn\u00f8tter", "price": 38.6, "product_variant": "175 g", "quantity_info": [[175.0, "g"]], "image_url": "/media/uploads/public/118/185/968185-26969-product_list.jpg", "unit_price_raw": "kr 220,57 per kg", "product_url": "https://kolonial.no/produkter/8590-rema-1000-cashewnotter-180g/", "kolonial_id": "8590"},
  {"category": "Kylling, kalkun og and", "category_list": ["Alle varer", "Kj\u00f8tt og kylling", "Kylling, kalkun og and"], "title": "Hel Kylling R\u00e5", "price": 89.9, "product_variant": "1300 g", "quantity_info": [[1300.0, "g"]], "image_url": "/media/uploads/public/139/84/966884-7531d-product_list.jpg", "unit_price_raw": "kr 69,15 per kg", "product_url": "https://kolonial.no/produkter/4150-solvinge-hel-kylling-ra-1300g/", "kolonial_id": "4150"},
  {"category": "Bacon og tilbeh\u00f8r", "category_list": ["Alle varer", "Kj\u00f8tt og kylling", "Bacon og tilbeh\u00f8r"], "title": "Svin Smult Snabb", "price": 62.7, "product_variant": "500 g", "quantity_info": [[500.0, "g"]], "image_url": "/media/uploads/public/95/268/971868-b4b50-product_list.jpg", "unit_price_raw": "kr 125,40 per kg", "product_url": "https://kolonial.no/produkter/24103-gilde-svin-smult-snabb/", "kolonial_id": "24103"},
  {"category": "Morsmelkerstatning", "category_list": ["Alle varer", "Barneprodukter", "Morsmelkerstatning"], "title": "Combiotik 1", "price": 19.9, "product_variant": "Drikkeklar, 1 stk", "quantity_info": [[1.0, "stk"]], "image_url": "/media/uploads/public/116/74/1012874-4545b-product_list.jpg", "unit_price_raw": "kr 19,90 per stk", "product_url": "https://kolonial.no/produkter/28106-hipp-baby-combiotik-1-rtd-200ml-1-stk/", "kolonial_id": "28106"},
  {"category": "Smoothie, yoghurt og mellomm\u00e5ltid", "category_list": ["Alle varer", "Barneprodukter", "Smoothie, yoghurt og mellomm\u00e5ltid"], "title": "Min Frukt Eple & P\u00e6re", "price": 14.9, "product_variant": "Smoothie, 90 g", "quantity_info": [[90.0, "g"]], "image_url": "/media/uploads/public/294/17/966017-47387-product_list.jpg", "unit_price_raw": "kr 165,56 per kg", "product_url": "https://kolonial.no/produkter/11248-nestle-min-frukt-eple-paere-smoothie/", "kolonial_id": "11248"},
  {"category": "Middagsglass", "category_list": ["Alle varer", "Barneprodukter", "Middagsglass"], "title": "Mors Kj\u00f8ttkaker med Poteter", "price": 18.1, "product_variant": "Fra 12 mnd, 195 g", "quantity_info": [[12.0, "mnd"], [195.0, "g"]], "image_url": "/media/uploads/public/66/395/969595-6ee7d-product_list.jpg", "unit_price_raw": "kr 92,82 per kg", "product_url": "https://kolonial.no/produkter/11239-nestle-mors-kjottkaker-med-poteter-fra-12-mnd/", "kolonial_id": "11239"},
  {"category": "Middagsglass", "category_list": ["Alle varer", "Barneprodukter", "Middagsglass"], "title": "Organix Gr\u00f8t", "price": 19.6, "product_variant": "Havre, Eple, Banan, Bringeb\u00e6r & Bl\u00e5b\u00e6r, 100 g", "quantity_info": [[100.0, "g"]], "image_url": "/media/uploads/public/368/392/972792-1be64-product_list.jpg", "unit_price_raw": "kr 196,00 per kg", "product_url": "https://kolonial.no/produkter/26744-semper-organix-grot-havre-eple-banan-bringebaer-bl/", "kolonial_id": "26744"},
  {"category": "Gr\u00f8t", "category_list": ["Alle varer", "Barneprodukter", "Gr\u00f8t"], "title": "Min Gr\u00f8t Yoghurt P\u00e6re Ban Eple", "price": 18.2, "product_variant": "90 g", "quantity_info": [[90.0, "g"]], "image_url": "/media/uploads/public/259/337/1001537-b0272-product_list.jpg", "unit_price_raw": "kr 202,22 per kg", "product_url": "https://kolonial.no/produkter/26918-nestle-min-grot-yoghurt-paere-ban-eple/", "kolonial_id": "26918"},
  {"category": "Honning og s\u00f8tp\u00e5legg", "category_list": ["Alle varer", "P\u00e5legg", "Honning og s\u00f8tp\u00e5legg"], "title": "Cashewsm\u00f8r Naturell", "price": 80.9, "product_variant": "\u00d8kologisk, 250 g", "quantity_info": [[250.0, "g"]], "image_url": "/media/uploads/public/0/12/83212-ce450-product_list.jpg", "unit_price_raw": "kr 323,60 per kg", "product_url": "https://kolonial.no/produkter/20278-helios-cashewsmor-naturell-okologisk/", "kolonial_id": "20278"},
  {"category": "Snus", "category_list": ["Alle varer", "Snus og tobakk", "Snus"], "title": "N&J Green Ice Pswl", "price": 92.9, "product_variant": "Norsk Standard, 19,2 g", "quantity_info": [[19.2, "g"]], "image_url": "https://kolonial.no/static/products/img/placeholder.bffcea8d3530.png", "unit_price_raw": "kr 4838,54 per kg", "product_url": "https://kolonial.no/produkter/16104-nick-johnny-nj-green-ice-pswl-norsk-standard/", "kolonial_id": "16104"},
  {"category": "Sigaretter", "category_list": ["Alle varer", "Snus og tobakk", "Sigaretter"], "title": "Prince White 100\u2019s", "price": 119.9, "product_variant": "20 stk", "quantity_info": [[20.0, "stk"]], "image_url": "https://kolonial.no/static/products/img/placeholder.bffcea8d3530.png", "unit_price_raw": "kr 6,00 per stk", "product_url": "https://kolonial.no/produkter/4066-prince-prince-white-100s/", "kolonial_id": "4066"},
  {"category": "Salatp\u00e5legg", "category_list": ["Alle varer", "P\u00e5legg", "Salatp\u00e5legg"], "title": "Italiensk Salat", "price": 23.7, "product_variant": "400 g", "quantity_info": [[400.0, "g"]], "image_url": "/media/uploads/public/195/237/971437-1b4ba-product_list.jpg", "unit_price_raw": "kr 59,25 per kg", "product_url": "https://kolonial.no/produkter/5158-salatmestern-italiensk-salat-400g/", "kolonial_id": "5158"},
  {"category": "Leverpostei", "category_list": ["Alle varer", "P\u00e5legg", "Leverpostei"], "title": "Leverpostei", "price": 14.2, "product_variant": "200 g", "quantity_info": [[200.0, "g"]], "image_url": "/media/uploads/public/34/18/965218-e8239-product_list.jpg", "unit_price_raw": "kr 71,00 per kg", "product_url": "https://kolonial.no/produkter/6535-stabburet-leverpostei-200g/", "kolonial_id": "6535"},
  {"category": "Leverpostei", "category_list": ["Alle varer", "P\u00e5legg", "Leverpostei"], "title": "Leverpostei", "price": 16.8, "product_variant": "185 g", "quantity_info": [[185.0, "g"]], "image_url": "/media/uploads/public/303/167/969367-db3fd-product_list.jpg", "unit_price_raw": "kr 90,81 per kg", "product_url": "https://kolonial.no/produkter/18004-best-pris-leverpostei/", "kolonial_id": "18004"},
  {"category": "Majones og tubep\u00e5legg", "category_list": ["Alle varer", "P\u00e5legg", "Majones og tubep\u00e5legg"], "title": "Kaviar 60%", "price": 23.5, "product_variant": "190 g", "quantity_info": [[190.0, "g"]], "image_url": "/media/uploads/public/39/352/967152-d4ab9-product_list.jpg", "unit_price_raw": "kr 123,68 per kg", "product_url": "https://kolonial.no/produkter/3325-kavli-kaviar-60-190g/", "kolonial_id": "3325"},
  {"category": "Syltet\u00f8y", "category_list": ["Alle varer", "P\u00e5legg", "Syltet\u00f8y"], "title": "Jordb\u00e6rsyltet\u00f8y Lett", "price": 28.9, "product_variant": "525 g", "quantity_info": [[525.0, "g"]], "image_url": "/media/uploads/public/177/62/972462-68f50-product_list.jpg", "unit_price_raw": "kr 55,05 per kg", "product_url": "https://kolonial.no/produkter/9131-rema-1000-jordbaersyltetoy-lett-525g/", "kolonial_id": "9131"},
  {"category": "Fiskep\u00e5legg", "category_list": ["Alle varer", "P\u00e5legg", "Fiskep\u00e5legg"], "title": "Gaffelbiter i Sherrysaus", "price": 21.7, "product_variant": "50 g", "quantity_info": [[50.0, "g"]], "image_url": "/media/uploads/public/381/76/968476-19478-product_list.jpg", "unit_price_raw": "kr 434,00 per kg", "product_url": "https://kolonial.no/produkter/15747-king-oscar-gaffelbiter-i-sherrysaus/", "kolonial_id": "15747"},
  {"category": "Fiskep\u00e5legg", "category_list": ["Alle varer", "P\u00e5legg", "Fiskep\u00e5legg"], "title": "Makrell I Tomat", "price": 17.1, "product_variant": "110 g", "quantity_info": [[110.0, "g"]], "image_url": "/media/uploads/public/396/285/971885-4e1f3-product_list.jpg", "unit_price_raw": "kr 155,45 per kg", "product_url": "https://kolonial.no/produkter/6343-king-oscar-makrell-i-tomat-110g/", "kolonial_id": "6343"},
  {"category": "Kj\u00f8tt- og kyllingp\u00e5legg", "category_list": ["Alle varer", "P\u00e5legg", "Kj\u00f8tt- og kyllingp\u00e5legg"], "title": "Hamburgerrygg", "price": 28.1, "product_variant": "110 g", "quantity_info": [[110.0, "g"]], "image_url": "/media/uploads/public/198/361/132361-efc5c-product_list.jpg", "unit_price_raw": "kr 255,45 per kg", "product_url": "https://kolonial.no/produkter/22882-gilde-hamburgerrygg/", "kolonial_id": "22882"},
  {"category": "Kj\u00f8tt- og kyllingp\u00e5legg", "category_list": ["Alle varer", "P\u00e5legg", "Kj\u00f8tt- og kyllingp\u00e5legg"], "title": "Kokt Skinke", "price": 53.5, "product_variant": "84% Kj\u00f8tt, 250 g", "quantity_info": [[84.0, "Kj\u00f8tt"], [250.0, "g"]], "image_url": "/media/uploads/public/224/48/134848-ddf9c-product_list.jpg", "unit_price_raw": "kr 214,00 per kg", "product_url": "https://kolonial.no/produkter/23816-finsbraten-kokt-skinke/", "kolonial_id": "23816"},
  {"category": "Spekemat og salami", "category_list": ["Alle varer", "P\u00e5legg", "Spekemat og salami"], "title": "Tr\u00f8nderf\u00e5r", "price": 39.5, "product_variant": "100 g", "quantity_info": [[100.0, "g"]], "image_url": "/media/uploads/public/266/399/972399-f3f78-product_list.jpg", "unit_price_raw": "kr 395,00 per kg", "product_url": "https://kolonial.no/produkter/21931-grilstad-tronderfar/", "kolonial_id": "21931"},
  {"category": "Kattemat", "category_list": ["Alle varer", "Dyremat", "Kattemat"], "title": "Whiskas 1+ Tunfisk", "price": 52.8, "product_variant": "950 g", "quantity_info": [[950.0, "g"]], "image_url": "/media/uploads/public/188/277/969877-30067-product_list.jpg", "unit_price_raw": "kr 55,58 per kg", "product_url": "https://kolonial.no/produkter/19396-whiskas-whiskas-1-tunfisk/", "kolonial_id": "19396"},
  {"category": "Fl\u00f8te og r\u00f8mmeprodukter", "category_list": ["Alle varer", "Melk, meieriprodukter og egg", "Fl\u00f8te og r\u00f8mmeprodukter"], "title": "Cr\u00e8me Fra\u00eeche", "price": 24.9, "product_variant": "Original, 300 g", "quantity_info": [[300.0, "g"]], "image_url": "/media/uploads/public/0/76/76-2d6c8-product_list.jpg", "unit_price_raw": "kr 83,00 per kg", "product_url": "https://kolonial.no/produkter/447-tine-creme-fraiche-original/", "kolonial_id": "447"},
  {"category": "Yoghurt", "category_list": ["Alle varer", "Melk, meieriprodukter og egg", "Yoghurt"], "title": "Skyr Bl\u00e5b\u00e6r & Vanilje", "price": 17.7, "product_variant": "160 g", "quantity_info": [[160.0, "g"]], "image_url": "/media/uploads/public/289/187/966987-7a3a2-product_list.jpg", "unit_price_raw": "kr 110,63 per kg", "product_url": "https://kolonial.no/produkter/2461-q-meieriene-skyr-blabaer-vanilje/", "kolonial_id": "2461"},
  {"category": "Sm\u00f8r og margarin", "category_list": ["Alle varer", "Melk, meieriprodukter og egg", "Sm\u00f8r og margarin"], "title": "Margarin Brelett", "price": 32.5, "product_variant": "540 g", "quantity_info": [[540.0, "g"]], "image_url": "/media/uploads/public/241/197/324997-da5bf-product_list.jpg", "unit_price_raw": "kr 60,19 per kg", "product_url": "https://kolonial.no/produkter/8250-brelett-margarin-brelett-550g/", "kolonial_id": "8250"},
  {"category": "Sm\u00f8r og margarin", "category_list": ["Alle varer", "Melk, meieriprodukter og egg", "Sm\u00f8r og margarin"], "title": "Vita Hjertego' Lett Margarin", "price": 29.6, "product_variant": "370 g", "quantity_info": [[370.0, "g"]], "image_url": "/media/uploads/public/5/283/1007883-be5c9-product_list.jpg", "unit_price_raw": "kr 80,00 per kg", "product_url": "https://kolonial.no/produkter/3148-vita-hjertego-vita-hjertego-lett-margarin-400g/", "kolonial_id": "3148"},
  {"category": "Energidrikk", "category_list": ["Alle varer", "Drikkevarer", "Energidrikk"], "title": "Red Bull Lime", "price": 20.7, "product_variant": "Sukkerfri, 250 mm", "quantity_info": [[250.0, "mm"]], "image_url": "/media/uploads/public/340/72/1012872-63f8d-product_list.jpg", "unit_price_raw": "kr 82,80 per m", "product_url": "https://kolonial.no/produkter/28104-red-bull-sukkerfri-lime-250ml-025-l/", "kolonial_id": "28104"},
  {"category": "Te", "category_list": ["Alle varer", "Drikkevarer", "Te"], "title": "Peach Mango Tea Pyramide", "price": 29.6, "product_variant": "20 poser, 20 stk", "quantity_info": [[20.0, "poser"], [20.0, "stk"]], "image_url": "/media/uploads/public/0/224/33424-cfbd6-product_list.jpg", "unit_price_raw": "kr 1,48 per stk", "product_url": "https://kolonial.no/produkter/13990-lipton-peach-mango-tea-pyramide-20-poser/", "kolonial_id": "13990"},
  {"category": "Te", "category_list": ["Alle varer", "Drikkevarer", "Te"], "title": "Green Tea Intense Mint", "price": 28.8, "product_variant": "20 poser, 20 stk", "quantity_info": [[20.0, "poser"], [20.0, "stk"]], "image_url": "/media/uploads/public/106/41/964441-6a233-product_list.jpg", "unit_price_raw": "kr 1,44 per stk", "product_url": "https://kolonial.no/produkter/7651-lipton-green-tea-intense-mint-20-poser/", "kolonial_id": "7651"},
  {"category": "Kaffe", "category_list": ["Alle varer", "Drikkevarer", "Kaffe"], "title": "Zo\u00e9gas Mollbergs Blanding", "price": 73.7, "product_variant": "450 g", "quantity_info": [[450.0, "g"]], "image_url": "/media/uploads/public/273/157/968157-8e84e-product_list.jpg", "unit_price_raw": "kr 163,78 per kg", "product_url": "https://kolonial.no/produkter/11290-zoegas-zoegas-mollbergs-blanding-500g/", "kolonial_id": "11290"},
  {"category": "Saft", "category_list": ["Alle varer", "Drikkevarer", "Saft"], "title": "Husholdningssaft Med Solb\u00e6r", "price": 60.2, "product_variant": "1,75 l", "quantity_info": [[1.75, "l"]], "image_url": "/media/uploads/public/61/75/968875-3f63a-product_list.jpg", "unit_price_raw": "kr 34,40 per l", "product_url": "https://kolonial.no/produkter/6697-lerum-husholdningssaft-med-solbaer-19l/", "kolonial_id": "6697"},
  {"category": "Saft", "category_list": ["Alle varer", "Drikkevarer", "Saft"], "title": "Lerum Appelsinsaft", "price": 56.5, "product_variant": "1,35 l", "quantity_info": [[1.35, "l"]], "image_url": "/media/uploads/public/396/203/972603-40981-product_list.jpg", "unit_price_raw": "kr 41,85 per l", "product_url": "https://kolonial.no/produkter/945-lerum-lerum-appelsinsaft-15l/", "kolonial_id": "945"},
  {"category": "Smoothie", "category_list": ["Alle varer", "Drikkevarer", "Smoothie"], "title": "Smoothie Jordb\u00e6r, Banan & Guava", "price": 20.9, "product_variant": "250 ml", "quantity_info": [[250.0, "ml"]], "image_url": "/media/uploads/public/216/86/158086-ae343-product_list.jpg", "unit_price_raw": "kr 83,60 per l", "product_url": "https://kolonial.no/produkter/24271-froosh-smoothie-jordbaer-banan-guava/", "kolonial_id": "24271"},
  {"category": "Juice", "category_list": ["Alle varer", "Drikkevarer", "Juice"], "title": "Frokostjuice", "price": 28.3, "product_variant": "1,5 l", "quantity_info": [[1.5, "l"]], "image_url": "/media/uploads/public/19/391/1015591-b6ea0-product_list.jpg", "unit_price_raw": "kr 18,87 per l", "product_url": "https://kolonial.no/produkter/16368-rema-1000-frokostjuice/", "kolonial_id": "16368"},
  {"category": "Juice", "category_list": ["Alle varer", "Drikkevarer", "Juice"], "title": "Tropisk Juice", "price": 29.7, "product_variant": "1,5 l", "quantity_info": [[1.5, "l"]], "image_url": "/media/uploads/public/268/331/973131-25d87-product_list.jpg", "unit_price_raw": "kr 19,80 per l", "product_url": "https://kolonial.no/produkter/11464-rema-1000-tropisk-juice-15l/", "kolonial_id": "11464"},
  {"category": "Vann og mineralvann", "category_list": ["Alle varer", "Drikkevarer", "Vann og mineralvann"], "title": "Farris Naturell", "price": 20.5, "product_variant": "0,5 l", "quantity_info": [[0.5, "l"]], "image_url": "/media/uploads/public/0/146/6946-caf31-product_list.jpg", "unit_price_raw": "kr 41,00 per l", "product_url": "https://kolonial.no/produkter/503-ringnes-farris-naturell-0-5l/", "kolonial_id": "503"},
  {"category": "Sm\u00f8reost og prim", "category_list": ["Alle varer", "Oster", "Sm\u00f8reost og prim"], "title": "Herkules Prim", "price": 28.8, "product_variant": "190 g", "quantity_info": [[190.0, "g"]], "image_url": "/media/uploads/public/283/245/969845-11f32-product_list.jpg", "unit_price_raw": "kr 151,58 per kg", "product_url": "https://kolonial.no/produkter/19315-synnove-herkules-prim/", "kolonial_id": "19315"},
  {"category": "Brunost", "category_list": ["Alle varer", "Oster", "Brunost"], "title": "Spesial St\u00f8lstype Ekte Geitost", "price": 93.6, "product_variant": "500 g", "quantity_info": [[500.0, "g"]], "image_url": "/media/uploads/public/309/193/428193-53fe0-product_list.jpg", "unit_price_raw": "kr 187,20 per kg", "product_url": "https://kolonial.no/produkter/26167-tine-spesial-stolstype-ekte-geitost/", "kolonial_id": "26167"},
  {"category": "Bleier", "category_list": ["Alle varer", "Barneprodukter", "Bleier"], "title": "Pampers Bleie Baby Dry", "price": 78.6, "product_variant": "Str.6 13-18kg, 40 stk", "quantity_info": [[613.0, ""], [18.0, "kg"], [40.0, "stk"]], "image_url": "/media/uploads/public/97/151/973751-9be08-product_list.jpg", "unit_price_raw": "kr 1,97 per stk", "product_url": "https://kolonial.no/produkter/27654-pampers-pampers-bleie-baby-dry-str6-13-18kg/", "kolonial_id": "27654"},
  {"category": "Bleier", "category_list": ["Alle varer", "Barneprodukter", "Bleier"], "title": "Pampers Bleie Baby Dry", "price": 78.6, "product_variant": "Str.7 15+kg, 30 stk", "quantity_info": [[715.0, "kg"], [30.0, "stk"]], "image_url": "/media/uploads/public/221/176/973776-2802c-product_list.jpg", "unit_price_raw": "kr 2,62 per stk", "product_url": "https://kolonial.no/produkter/27661-pampers-pampers-bleie-baby-dry-str7-15kg/", "kolonial_id": "27661"},
  {"category": "Spesialoster", "category_list": ["Alle varer", "Oster", "Spesialoster"], "title": "Castello Hvit", "price": 36.1, "product_variant": "150 g", "quantity_info": [[150.0, "g"]], "image_url": "/media/uploads/public/281/230/966630-65c21-product_list.jpg", "unit_price_raw": "kr 240,67 per kg", "product_url": "https://kolonial.no/produkter/1213-castello-castello-hvit-150g/", "kolonial_id": "1213"},
  {"category": "Julens p\u00e5legg", "category_list": ["Alle varer", "P\u00e5legg", "Julens p\u00e5legg"], "title": "Sylte Oppsk\u00e5ret", "price": 28.1, "product_variant": "100 g", "quantity_info": [[100.0, "g"]], "image_url": "/media/uploads/public/281/362/827162-15b8a-product_list.jpg", "unit_price_raw": "kr 281,00 per kg", "product_url": "https://kolonial.no/produkter/8987-nordfjord-sylte-oppskaret-100g/", "kolonial_id": "8987"},
  {"category": "Brus", "category_list": ["Alle varer", "Drikkevarer", "Brus"], "title": "Fanta Exotic", "price": 35.8, "product_variant": "1,5 l", "quantity_info": [[1.5, "l"]], "image_url": "/media/uploads/public/305/35/968435-a8576-product_list.jpg", "unit_price_raw": "kr 23,87 per l", "product_url": "https://kolonial.no/produkter/7942-fanta-fanta-exotic-15l/", "kolonial_id": "7942"},
  {"category": "Hundemat", "category_list": ["Alle varer", "Dyremat", "Hundemat"], "title": "Softies", "price": 40.5, "product_variant": "250 g", "quantity_info": [[250.0, "g"]], "image_url": "/media/uploads/public/275/7/966007-678f5-product_list.jpg", "unit_price_raw": "kr 162,00 per kg", "product_url": "https://kolonial.no/produkter/5617-friskies-softies-250g/", "kolonial_id": "5617"},
  {"category": "Hundemat", "category_list": ["Alle varer", "Dyremat", "Hundemat"], "title": "Dentastix Large", "price": 164.5, "product_variant": "28 stk, 1,08 kg", "quantity_info": [[28.0, "stk"], [1.08, "kg"]], "image_url": "/media/uploads/public/383/305/965905-70823-product_list.jpg", "unit_price_raw": "kr 152,31 per kg", "product_url": "https://kolonial.no/produkter/13888-pedigree-dentastix-large-28-stk/", "kolonial_id": "13888"},
  {"category": "Taco", "category_list": ["Alle varer", "Pizza og taco", "Taco"], "title": "Tortillas Mais", "price": 13.7, "product_variant": "Tastelab, 8 stk, 320 g", "quantity_info": [[8.0, "stk"], [320.0, "g"]], "image_url": "/media/uploads/public/135/251/971051-a4a74-product_list.jpg", "unit_price_raw": "kr 42,81 per kg", "product_url": "https://kolonial.no/produkter/23652-rema-1000-tortillas-mais-tastelab-8-stk/", "kolonial_id": "23652"},
  {"category": "Buljong og fond", "category_list": ["Alle varer", "Olje og krydder", "Buljong og fond"], "title": "Fond du Chef", "price": 24.9, "product_variant": "Kylling, 4x28g, 112 g", "quantity_info": [[4.0, "x"], [28.0, "g"], [112.0, "g"]], "image_url": "/media/uploads/public/21/168/324968-93f43-product_list.jpg", "unit_price_raw": "kr 222,32 per kg", "product_url": "https://kolonial.no/produkter/25620-knorr-fond-du-chef-kylling-4x28g/", "kolonial_id": "25620"},
  {"category": "Hjemmelaget pizza", "category_list": ["Alle varer", "Pizza og taco", "Hjemmelaget pizza"], "title": "Pizzamel", "price": 19.8, "product_variant": "Tipo-0, 1 kg", "quantity_info": [[0.1, "kg"]], "image_url": "/media/uploads/public/239/191/970991-125d7-product_list.jpg", "unit_price_raw": "kr 19,80 per kg", "product_url": "https://kolonial.no/produkter/14191-mollerens-pizzamel-tipo-0-1kg/", "kolonial_id": "14191"},
  {"category": "Deodorant", "category_list": ["Alle varer", "Hygieneartikler", "Deodorant"], "title": "Parfymefri Deodorant", "price": 46.2, "product_variant": "50 ml", "quantity_info": [[50.0, "ml"]], "image_url": "/media/uploads/public/59/15/155215-fff4d-product_list.jpg", "unit_price_raw": "kr 924,00 per l", "product_url": "https://kolonial.no/produkter/25026-dr-greve-parfymefri-deodorant/", "kolonial_id": "25026"},
  {"category": "Melk", "category_list": ["Alle varer", "Melk, meieriprodukter og egg", "Melk"], "title": "R\u00f8rosmj\u00f8lk Hel \u00d8kologisk", "price": 23.9, "product_variant": "4,0% Fett, 1 l", "quantity_info": [[4.0, "Fett"], [1.0, "l"]], "image_url": "/media/uploads/public/193/177/973377-16390-product_list.jpg", "unit_price_raw": "kr 23,90 per l", "product_url": "https://kolonial.no/produkter/24244-rorosmeieriet-rorosmjolk-hel-okologisk-40-fett/", "kolonial_id": "24244"},
  {"category": "Barbering", "category_list": ["Alle varer", "Hygieneartikler", "Barbering"], "title": "Barberh\u00f8vel Proglide Power", "price": 202.4, "product_variant": "1 stk", "quantity_info": [[1.0, "stk"]], "image_url": "/media/uploads/public/97/156/969756-f3572-product_list.jpg", "unit_price_raw": "kr 202,40 per stk", "product_url": "https://kolonial.no/produkter/13699-gillette-barberhovel-proglide-power/", "kolonial_id": "13699"},
  {"category": "Bomull og ansiktsrens", "category_list": ["Alle varer", "Hygieneartikler", "Bomull og ansiktsrens"], "title": "Renseservietter", "price": 28.9, "product_variant": "25 stk", "quantity_info": [[25.0, "stk"]], "image_url": "/media/uploads/public/312/245/971045-eff8b-product_list.jpg", "unit_price_raw": "kr 1,16 per stk", "product_url": "https://kolonial.no/produkter/23643-organic-circle-renseservietter/", "kolonial_id": "23643"},
  {"category": "Krydder", "category_list": ["Alle varer", "Olje og krydder", "Krydder"], "title": "Jozo Fint Salt", "price": 8.5, "product_variant": "Med Jod, 1 kg", "quantity_info": [[1.0, "kg"]], "image_url": "/media/uploads/public/0/199/51799-fd2ca-product_list.jpg", "unit_price_raw": "kr 8,50 per kg", "product_url": "https://kolonial.no/produkter/11008-jozo-jozo-fint-salt-med-jod/", "kolonial_id": "11008"},
  {"category": "Krydder", "category_list": ["Alle varer", "Olje og krydder", "Krydder"], "title": "Seltin Original", "price": 30.9, "product_variant": "250 g", "quantity_info": [[250.0, "g"]], "image_url": "/media/uploads/public/173/241/964241-3989c-product_list.jpg", "unit_price_raw": "kr 123,60 per kg", "product_url": "https://kolonial.no/produkter/7729-seltin-seltin-original-250g/", "kolonial_id": "7729"},
  {"category": "Helsekost", "category_list": ["Alle varer", "Legemidler og helsekost", "Helsekost"], "title": "Vitamineral", "price": 67.2, "product_variant": "100 stk", "quantity_info": [[100.0, "stk"]], "image_url": "/media/uploads/public/66/193/972993-d4945-product_list.jpg", "unit_price_raw": "kr 0,67 per stk", "product_url": "https://kolonial.no/produkter/2575-vitaplex-vitamineral-100-stk/", "kolonial_id": "2575"},
  {"category": "Proteinbar og m\u00fcslibar", "category_list": ["Alle varer", "Legemidler og helsekost", "Proteinbar og m\u00fcslibar"], "title": "Max99 M\u00fcslibar", "price": 15.0, "product_variant": "Havrekjeks & Melkesjokolade, 0,02 kg", "quantity_info": [[0.02, "kg"]], "image_url": "/media/uploads/public/319/278/969878-36fb3-product_list.jpg", "unit_price_raw": "kr 750,00 per kg", "product_url": "https://kolonial.no/produkter/19372-max99-muslibar-havrekjeks-melkesjokolade/", "kolonial_id": "19372"},
  {"category": "Bind og tamponger", "category_list": ["Alle varer", "Hygieneartikler", "Bind og tamponger"], "title": "Truseinnlegg Normal Liner", "price": 39.9, "product_variant": "30 stk", "quantity_info": [[30.0, "stk"]], "image_url": "/media/uploads/public/135/324/971124-77321-product_list.jpg", "unit_price_raw": "kr 1,33 per stk", "product_url": "https://kolonial.no/produkter/15438-always-truseinnlegg-normal-liner/", "kolonial_id": "15438"},
  {"category": "Bind og tamponger", "category_list": ["Alle varer", "Hygieneartikler", "Bind og tamponger"], "title": "Truseinnlegg Liner Long Plus", "price": 39.0, "product_variant": "22 stk", "quantity_info": [[22.0, "stk"]], "image_url": "/media/uploads/public/29/309/188309-df07e-product_list.jpg", "unit_price_raw": "kr 1,77 per stk", "product_url": "https://kolonial.no/produkter/25377-always-truseinnlegg-liner-long-plus/", "kolonial_id": "25377"},
  {"category": "Kluter, svamper og hansker", "category_list": ["Alle varer", "T\u00f8rkepapir og vaskemidler", "Kluter, svamper og hansker"], "title": "St\u00e5lullpads", "price": 20.3, "product_variant": "10 stk", "quantity_info": [[10.0, "stk"]], "image_url": "/media/uploads/public/28/379/1015579-5abc0-product_list.jpg", "unit_price_raw": "kr 2,03 per stk", "product_url": "https://kolonial.no/produkter/5092-soft-style-stalullpads-10-stk/", "kolonial_id": "5092"},
  {"category": "Shampo og h\u00e5rprodukter", "category_list": ["Alle varer", "Shampo, s\u00e5pe og krem", "Shampo og h\u00e5rprodukter"], "title": "Fructis Damage Rewind Shampo", "price": 41.1, "product_variant": "250 ml", "quantity_info": [[250.0, "ml"]], "image_url": "/media/uploads/public/207/287/690687-c6074-product_list.jpg", "unit_price_raw": "kr 164,40 per l", "product_url": "https://kolonial.no/produkter/27315-fructis-damage-rewind-shampo-025-l/", "kolonial_id": "27315"},
  {"category": "Krem", "category_list": ["Alle varer", "Shampo, s\u00e5pe og krem", "Krem"], "title": "Revitalift Nattkrem", "price": 110.1, "product_variant": "50 ml", "quantity_info": [[50.0, "ml"]], "image_url": "/media/uploads/public/186/68/296068-a48ee-product_list.jpg", "unit_price_raw": "kr 2202,00 per l", "product_url": "https://kolonial.no/produkter/25458-loreal-revitalift-nattkrem/", "kolonial_id": "25458"},
  {"category": "Gulost", "category_list": ["Alle varer", "Oster", "Gulost"], "title": "Norvegia Lettere", "price": 75.4, "product_variant": "Skorpefri, ca. 500 g", "quantity_info": [[500.0, "g"]], "image_url": "/media/uploads/public/192/266/970266-4fd2f-product_list.jpg", "unit_price_raw": "kr 150,80 per kg", "product_url": "https://kolonial.no/produkter/2248-tine-norvegia-lettere-skorpefri/", "kolonial_id": "2248"},
  {"category": "Gulost", "category_list": ["Alle varer", "Oster", "Gulost"], "title": "Norvegia Lettere i Skiver", "price": 24.5, "product_variant": "150 g", "quantity_info": [[150.0, "g"]], "image_url": "/media/uploads/public/299/191/964191-74201-product_list.jpg", "unit_price_raw": "kr 163,33 per kg", "product_url": "https://kolonial.no/produkter/16071-tine-norvegia-lettere-i-skiver/", "kolonial_id": "16071"},
  {"category": "Fryst pizza", "category_list": ["Alle varer", "Pizza og taco", "Fryst pizza"], "title": "Grandiosa Glutenfri", "price": 64.0, "product_variant": "590 g", "quantity_info": [[590.0, "g"]], "image_url": "/media/uploads/public/353/227/1003427-dd1e6-product_list.jpg", "unit_price_raw": "kr 108,47 per kg", "product_url": "https://kolonial.no/produkter/3244-grandiosa-grandiosa-glutenfri/", "kolonial_id": "3244"},
  {"category": "Fryst pizza", "category_list": ["Alle varer", "Pizza og taco", "Fryst pizza"], "title": "Grandiosa Take Away Meat Supreme", "price": 88.8, "product_variant": "620 g", "quantity_info": [[620.0, "g"]], "image_url": "/media/uploads/public/103/27/972827-29f17-product_list.jpg", "unit_price_raw": "kr 143,23 per kg", "product_url": "https://kolonial.no/produkter/18757-grandiosa-grandiosa-take-away-meat-supreme/", "kolonial_id": "18757"},
  {"category": "Tannpleie", "category_list": ["Alle varer", "Hygieneartikler", "Tannpleie"], "title": "Tannb\u00f8rste Individual Clean", "price": 33.8, "product_variant": "Medium, Assortert Design, 1 stk", "quantity_info": [[1.0, "stk"]], "image_url": "/media/uploads/public/245/135/964935-71774-product_list.jpg", "unit_price_raw": "kr 33,80 per stk", "product_url": "https://kolonial.no/produkter/411-jordan-tannborste-individual-clean-medium-assorter/", "kolonial_id": "411"},
  {"category": "Vaskemidler", "category_list": ["Alle varer", "T\u00f8rkepapir og vaskemidler", "Vaskemidler"], "title": "Krystal Furun\u00e5l", "price": 15.9, "product_variant": "750 ml", "quantity_info": [[750.0, "ml"]], "image_url": "/media/uploads/public/230/355/964755-87ba4-product_list.jpg", "unit_price_raw": "kr 21,20 per l", "product_url": "https://kolonial.no/produkter/11413-krystal-krystal-furunal-750ml/", "kolonial_id": "11413"},
  {"category": "Frossen fisk og sj\u00f8mat", "category_list": ["Alle varer", "Fisk og sj\u00f8mat", "Frossen fisk og sj\u00f8mat"], "title": "Fiskepinner Glutenfri", "price": 42.0, "product_variant": "360 g", "quantity_info": [[360.0, "g"]], "image_url": "/media/uploads/public/272/13/972013-a5b9f-product_list.jpg", "unit_price_raw": "kr 116,67 per kg", "product_url": "https://kolonial.no/produkter/19294-findus-fiskepinner-glutenfri/", "kolonial_id": "19294"},
  {"category": "Baketilbeh\u00f8r", "category_list": ["Alle varer", "Mel og bakeingredienser", "Baketilbeh\u00f8r"], "title": "Rom Kakefyll", "price": 14.7, "product_variant": "40 g", "quantity_info": [[40.0, "g"]], "image_url": "/media/uploads/public/0/341/50341-a5abc-product_list.jpg", "unit_price_raw": "kr 367,50 per kg", "product_url": "https://kolonial.no/produkter/17359-idun-rom-kakefyll/", "kolonial_id": "17359"},
  {"category": "Ferske br\u00f8d", "category_list": ["Alle varer", "Br\u00f8d og frokostblandinger", "Ferske br\u00f8d"], "title": "Grov Kneipp", "price": 6.9, "product_variant": "670 g", "quantity_info": [[670.0, "g"]], "image_url": "/media/uploads/public/83/273/665073-6fc65-product_list.jpg", "unit_price_raw": "kr 10,30 per kg", "product_url": "https://kolonial.no/produkter/27242-kneip-1-stk/", "kolonial_id": "27242"},
  {"category": "Ferske br\u00f8d", "category_list": ["Alle varer", "Br\u00f8d og frokostblandinger", "Ferske br\u00f8d"], "title": "Lurebr\u00f8d", "price": 35.9, "product_variant": "Oppsk\u00e5ret, 770 g", "quantity_info": [[770.0, "g"]], "image_url": "/media/uploads/public/249/122/708922-39a95-product_list.jpg", "unit_price_raw": "kr 46,62 per kg", "product_url": "https://kolonial.no/produkter/27545-brodverket-lurebrod-skaret/", "kolonial_id": "27545"},
  {"category": "Hermetisert sj\u00f8mat", "category_list": ["Alle varer", "Fisk og sj\u00f8mat", "Hermetisert sj\u00f8mat"], "title": "Kryddersildfilet", "price": 79.9, "product_variant": "500 g", "quantity_info": [[500.0, "g"]], "image_url": "/media/uploads/public/0/118/46918-d982a-product_list.jpg", "unit_price_raw": "kr 159,80 per kg", "product_url": "https://kolonial.no/produkter/16855-fiskcentralen-kryddersildfilet/", "kolonial_id": "16855"},
  {"category": "Klesvask", "category_list": ["Alle varer", "T\u00f8rkepapir og vaskemidler", "Klesvask"], "title": "Standardt\u00f8yvask", "price": 19.2, "product_variant": "Hvitt & Farget T\u00f8y, 2 kg", "quantity_info": [[2.0, "kg"]], "image_url": "/media/uploads/public/205/80/296080-d3084-product_list.jpg", "unit_price_raw": "kr 9,60 per kg", "product_url": "https://kolonial.no/produkter/25441-rema-1000-standardtoyvask-hvitt-farget-toy/", "kolonial_id": "25441"},
  {"category": "R\u00f8kt og gravet fisk", "category_list": ["Alle varer", "Fisk og sj\u00f8mat", "R\u00f8kt og gravet fisk"], "title": "R\u00f8kt \u00d8rret i Bit", "price": 81.8, "product_variant": "ca. 280 g", "quantity_info": [[280.0, "g"]], "image_url": "/media/uploads/public/341/69/296069-c962a-product_list.jpg", "unit_price_raw": "kr 292,14 per kg", "product_url": "https://kolonial.no/produkter/24578-godehav-rokt-orret-i-bit/", "kolonial_id": "24578"},
  {"category": "Fersk fisk", "category_list": ["Alle varer", "Fisk og sj\u00f8mat", "Fersk fisk"], "title": "Laksefilet", "price": 69.9, "product_variant": "Fiskcentralen, \n                            \n\n                            2 x 125g, 250 g", "quantity_info": [[2.0, "x"], [125.0, "g"], [250.0, "g"]], "image_url": "/media/uploads/public/0/179/40179-33c99-product_list_large.jpg", "unit_price_raw": "kr 279,60 per kg", "product_url": "https://kolonial.no/produkter/16491-fiskcentralen-laksefilet-2-x-125g/", "kolonial_id": "16491"},
  {"category": "Oljer og dressinger", "category_list": ["Alle varer", "Olje og krydder", "Oljer og dressinger"], "title": "Soyaolje", "price": 70.3, "product_variant": "1 l", "quantity_info": [[1.0, "l"]], "image_url": "/media/uploads/public/67/268/1007868-2223d-product_list.jpg", "unit_price_raw": "kr 70,30 per l", "product_url": "https://kolonial.no/produkter/9140-mills-soyaolje-1l/", "kolonial_id": "9140"},
  {"category": "Oljer og dressinger", "category_list": ["Alle varer", "Olje og krydder", "Oljer og dressinger"], "title": "Optimal Olje", "price": 43.9, "product_variant": "495 ml", "quantity_info": [[495.0, "ml"]], "image_url": "/media/uploads/public/310/303/1007903-a5663-product_list.jpg", "unit_price_raw": "kr 88,69 per l", "product_url": "https://kolonial.no/produkter/5860-vita-hjertego-optimal-olje-05l/", "kolonial_id": "5860"},
  {"category": "Ferdigmikser", "category_list": ["Alle varer", "Mel og bakeingredienser", "Ferdigmikser"], "title": "Kornbr\u00f8d 1-2-3", "price": 25.3, "product_variant": "1 kg", "quantity_info": [[1.0, "kg"]], "image_url": "/media/uploads/public/5/370/967970-1d0c2-product_list.jpg", "unit_price_raw": "kr 25,30 per kg", "product_url": "https://kolonial.no/produkter/33-mollerens-kornbrod-1-2-3-1kg/", "kolonial_id": "33"},
  {"category": "Tyggis og pastiller", "category_list": ["Alle varer", "Snacks og godteri", "Tyggis og pastiller"], "title": "Fisherman's Friend", "price": 19.7, "product_variant": "Salmiak, 25 g", "quantity_info": [[25.0, "g"]], "image_url": "/media/uploads/public/348/77/985277-ad6b1-product_list.jpg", "unit_price_raw": "kr 788,00 per kg", "product_url": "https://kolonial.no/produkter/272-fishermans-friend-salmiak/", "kolonial_id": "272"},
  {"category": "Storfe", "category_list": ["Alle varer", "Kj\u00f8tt og kylling", "Storfe"], "title": "Peppes Biffstrimler", "price": 49.8, "product_variant": "100 g", "quantity_info": [[100.0, "g"]], "image_url": "/media/uploads/public/297/254/1011854-df173-product_list.jpg", "unit_price_raw": "kr 498,00 per kg", "product_url": "https://kolonial.no/produkter/28072-peppes-pizza-peppes-biffstrimler/", "kolonial_id": "28072"},
  {"category": "Frokostblandinger og gryn", "category_list": ["Alle varer", "Br\u00f8d og frokostblandinger", "Frokostblandinger og gryn"], "title": "Bj\u00f8rn Rosin & Vaniljesmak", "price": 32.6, "product_variant": "500 g", "quantity_info": [[500.0, "g"]], "image_url": "/media/uploads/public/249/163/186163-5372f-product_list.jpg", "unit_price_raw": "kr 65,20 per kg", "product_url": "https://kolonial.no/produkter/5977-axa-bjorn-rosin-vaniljesmak-500g/", "kolonial_id": "5977"},
  {"category": "Bursdag", "category_list": ["Alle varer", "Barneprodukter", "Bursdag"], "title": "Kakelys med glitter", "price": 18.6, "product_variant": "Assortert Variant, 1 stk", "quantity_info": [[1.0, "stk"]], "image_url": "/media/uploads/public/95/130/972130-a5d93-product_list.jpg", "unit_price_raw": "kr 18,60 per stk", "product_url": "https://kolonial.no/produkter/14686-kakelys-med-glitter-assortert-variant/", "kolonial_id": "14686"},
  {"category": "Frosne br\u00f8d og rundstykker", "category_list": ["Alle varer", "Br\u00f8d og frokostblandinger", "Frosne br\u00f8d og rundstykker"], "title": "Fullkornstykker", "price": 32.9, "product_variant": "360 g", "quantity_info": [[360.0, "g"]], "image_url": "/media/uploads/public/111/334/970734-9bf7d-product_list.jpg", "unit_price_raw": "kr 91,39 per kg", "product_url": "https://kolonial.no/produkter/21988-pagen-fullkornstykker/", "kolonial_id": "21988"},
  {"category": "Supper", "category_list": ["Alle varer", "Middager og tilbeh\u00f8r", "Supper"], "title": "Betasuppe", "price": 22.1, "product_variant": "112 g", "quantity_info": [[112.0, "g"]], "image_url": "/media/uploads/public/306/324/967924-17dd8-product_list.jpg", "unit_price_raw": "kr 197,32 per kg", "product_url": "https://kolonial.no/produkter/762-toro-betasuppe/", "kolonial_id": "762"},
  {"category": "Knekkebr\u00f8d", "category_list": ["Alle varer", "Br\u00f8d og frokostblandinger", "Knekkebr\u00f8d"], "title": "Sandwich Cheese & Paprika", "price": 11.7, "product_variant": "40 g", "quantity_info": [[40.0, "g"]], "image_url": "/media/uploads/public/385/5/973605-389aa-product_list.jpg", "unit_price_raw": "kr 292,50 per kg", "product_url": "https://kolonial.no/produkter/27484-wasa-sandwich-cheese-paprika/", "kolonial_id": "27484"},
  {"category": "Langtidsholdbare br\u00f8d", "category_list": ["Alle varer", "Br\u00f8d og frokostblandinger", "Langtidsholdbare br\u00f8d"], "title": "Nirus H\u00e5ndlagde Nan", "price": 34.9, "product_variant": "260 g", "quantity_info": [[260.0, "g"]], "image_url": "/media/uploads/public/96/38/154438-22f70-product_list.jpg", "unit_price_raw": "kr 134,23 per kg", "product_url": "https://kolonial.no/produkter/24940-masalamagic-nirus-handlagde-nan/", "kolonial_id": "24940"},
  {"category": "Pasta og nudler", "category_list": ["Alle varer", "Middager og tilbeh\u00f8r", "Pasta og nudler"], "title": "Penne Rigate", "price": 36.0, "product_variant": "500 g", "quantity_info": [[500.0, "g"]], "image_url": "/media/uploads/public/215/244/131044-5d927-product_list.jpg", "unit_price_raw": "kr 72,00 per kg", "product_url": "https://kolonial.no/produkter/23573-rummo-penne-rigate/", "kolonial_id": "23573"},
  {"category": "Diverse husholdning", "category_list": ["Alle varer", "Husholdning og tekstil", "Diverse husholdning"], "title": "Keramikkrent Rens", "price": 44.7, "product_variant": "200 ml", "quantity_info": [[200.0, "ml"]], "image_url": "/media/uploads/public/50/88/968488-a8225-product_list.jpg", "unit_price_raw": "kr 223,50 per l", "product_url": "https://kolonial.no/produkter/15861-mr-muscle-keramikkrent-rens/", "kolonial_id": "15861"},
  {"category": "Diverse husholdning", "category_list": ["Alle varer", "Husholdning og tekstil", "Diverse husholdning"], "title": "Pussemiddel", "price": 33.8, "product_variant": "250 ml", "quantity_info": [[250.0, "ml"]], "image_url": "/media/uploads/public/294/303/971503-4ad83-product_list.jpg", "unit_price_raw": "kr 135,20 per l", "product_url": "https://kolonial.no/produkter/23813-pussemiddel/", "kolonial_id": "23813"},
  {"category": "Ferdige middagsretter", "category_list": ["Alle varer", "Middager og tilbeh\u00f8r", "Ferdige middagsretter"], "title": "Laktosefri Risgr\u00f8t", "price": 34.6, "product_variant": "385 g", "quantity_info": [[385.0, "g"]], "image_url": "/media/uploads/public/86/175/968175-9a07f-product_list.jpg", "unit_price_raw": "kr 89,87 per kg", "product_url": "https://kolonial.no/produkter/14458-toro-laktosefri-risgrot-385g/", "kolonial_id": "14458"},
  {"category": "Ferdigsauser", "category_list": ["Alle varer", "Middager og tilbeh\u00f8r", "Ferdigsauser"], "title": "Dolmio Pastasaus", "price": 31.8, "product_variant": "Intens Hvitl\u00f8k, 500 g", "quantity_info": [[500.0, "g"]], "image_url": "/media/uploads/public/157/229/968229-b3843-product_list.jpg", "unit_price_raw": "kr 63,60 per kg", "product_url": "https://kolonial.no/produkter/1280-dolmio-dolmio-pastasaus-intens-hvitlok/", "kolonial_id": "1280"},
  {"category": "Ferdigsauser", "category_list": ["Alle varer", "Middager og tilbeh\u00f8r", "Ferdigsauser"], "title": "Classico Pastasaus", "price": 22.3, "product_variant": "500 g", "quantity_info": [[500.0, "g"]], "image_url": "/media/uploads/public/381/213/968213-fa0c1-product_list.jpg", "unit_price_raw": "kr 44,60 per kg", "product_url": "https://kolonial.no/produkter/733-dolmio-classico-pastasaus-500g/", "kolonial_id": "733"},
  {"category": "P\u00f8lser", "category_list": ["Alle varer", "Kj\u00f8tt og kylling", "P\u00f8lser"], "title": "Ost-Knacker", "price": 38.1, "product_variant": "250 g", "quantity_info": [[250.0, "g"]], "image_url": "/media/uploads/public/108/260/368260-34c67-product_list.jpg", "unit_price_raw": "kr 152,40 per kg", "product_url": "https://kolonial.no/produkter/17902-finsbraten-ost-knacker/", "kolonial_id": "17902"},
  {"category": "Kontor", "category_list": ["Alle varer", "Husholdning og tekstil", "Kontor"], "title": "Tegneblokk", "price": 37.0, "product_variant": "40 ark, 1 stk", "quantity_info": [[40.0, "ark"], [1.0, "stk"]], "image_url": "/media/uploads/public/0/274/45874-eb6cf-product_list.jpg", "unit_price_raw": "kr 37,00 per stk", "product_url": "https://kolonial.no/produkter/14761-tegneblokk-40-ark/", "kolonial_id": "14761"},
  {"category": "Kj\u00f8ttboller og karbonader", "category_list": ["Alle varer", "Kj\u00f8tt og kylling", "Kj\u00f8ttboller og karbonader"], "title": "Ostesteaklet Med R\u00f8kt Skinke", "price": 39.9, "product_variant": "300 g", "quantity_info": [[300.0, "g"]], "image_url": "/media/uploads/public/344/66/984066-55153-product_list.jpg", "unit_price_raw": "kr 133,00 per kg", "product_url": "https://kolonial.no/produkter/27916-gilde-ostesteaklet-mrokt-skinke/", "kolonial_id": "27916"},
  {"category": "Kj\u00f8kkenredskap", "category_list": ["Alle varer", "Husholdning og tekstil", "Kj\u00f8kkenredskap"], "title": "Frysebeger", "price": 33.9, "product_variant": "6 dl, 6 stk", "quantity_info": [[6.0, "dl"], [6.0, "stk"]], "image_url": "/media/uploads/public/349/217/156617-4cc54-product_list.jpg", "unit_price_raw": "kr 5,65 per stk", "product_url": "https://kolonial.no/produkter/24923-soft-style-frysebeger-6-dl/", "kolonial_id": "24923"},
  {"category": "Kj\u00f8kkenredskap", "category_list": ["Alle varer", "Husholdning og tekstil", "Kj\u00f8kkenredskap"], "title": "M\u00e5lekannesett", "price": 72.0, "product_variant": "3 stk", "quantity_info": [[3.0, "stk"]], "image_url": "/media/uploads/public/0/259/21859-2f71f-product_list.jpg", "unit_price_raw": "kr 24,00 per stk", "product_url": "https://kolonial.no/produkter/10175-malekannesett-3-stk/", "kolonial_id": "10175"},
  {"category": "Gr\u00f8nnsaker", "category_list": ["Alle varer", "Frukt og gr\u00f8nt", "Gr\u00f8nnsaker"], "title": "Hvitl\u00f8k", "price": 14.6, "product_variant": "2-3pk, Kina, 100 g", "quantity_info": [[2.0, ""], [3.0, "pkKina"], [100.0, "g"]], "image_url": "/media/uploads/public/332/254/156654-1ffb4-product_list.jpg", "unit_price_raw": "kr 146,00 per kg", "product_url": "https://kolonial.no/produkter/9371-hvitlok-3pk-kina/", "kolonial_id": "9371"},
  {"category": "Frukt", "category_list": ["Alle varer", "Frukt og gr\u00f8nt", "Frukt"], "title": "Papaya Spisemoden", "price": 50.9, "product_variant": "Brasil, 1 stk", "quantity_info": [[1.0, "stk"]], "image_url": "/media/uploads/public/0/375/91975-17ab5-product_list.jpg", "unit_price_raw": "kr 130,51 per kg", "product_url": "https://kolonial.no/produkter/19687-papaya-spisemoden-brasil/", "kolonial_id": "19687"},
  {"category": "Frossen frukt og gr\u00f8nt", "category_list": ["Alle varer", "Frukt og gr\u00f8nt", "Frossen frukt og gr\u00f8nt"], "title": "Rotgr\u00f8nnsaker Grovkuttet", "price": 25.7, "product_variant": "750 g", "quantity_info": [[750.0, "g"]], "image_url": "/media/uploads/public/162/138/296138-ea1d9-product_list.jpg", "unit_price_raw": "kr 34,27 per kg", "product_url": "https://kolonial.no/produkter/25114-rema-1000-rotgronnsaker-grovkuttet/", "kolonial_id": "25114"},
  {"category": "Frossen frukt og gr\u00f8nt", "category_list": ["Alle varer", "Frukt og gr\u00f8nt", "Frossen frukt og gr\u00f8nt"], "title": "S\u00f8tpotet Fries", "price": 32.2, "product_variant": "500 g", "quantity_info": [[500.0, "g"]], "image_url": "/media/uploads/public/290/307/367107-4e865-product_list.jpg", "unit_price_raw": "kr 64,40 per kg", "product_url": "https://kolonial.no/produkter/25608-taste-lab-sotpotet-fries-500g-0-5-kg/", "kolonial_id": "25608"},
  {"category": "Middags-kit og gryteretter", "category_list": ["Alle varer", "Middager og tilbeh\u00f8r", "Middags-kit og gryteretter"], "title": "Risengr\u00f8t", "price": 23.3, "product_variant": "Snarkokt, 148 g", "quantity_info": [[148.0, "g"]], "image_url": "/media/uploads/public/53/315/967915-8ca64-product_list.jpg", "unit_price_raw": "kr 157,43 per kg", "product_url": "https://kolonial.no/produkter/985-toro-risengrot-snarkokt/", "kolonial_id": "985"},
  {"category": "Middags-kit og gryteretter", "category_list": ["Alle varer", "Middager og tilbeh\u00f8r", "Middags-kit og gryteretter"], "title": "Risgr\u00f8t", "price": 19.9, "product_variant": "800 g", "quantity_info": [[800.0, "g"]], "image_url": "/media/uploads/public/239/262/965462-c51c6-product_list.jpg", "unit_price_raw": "kr 24,88 per kg", "product_url": "https://kolonial.no/produkter/6367-risgrot-800g-geisha/", "kolonial_id": "6367"},
  {"category": "Ris og gryn", "category_list": ["Alle varer", "Middager og tilbeh\u00f8r", "Ris og gryn"], "title": "Jasminris Boil in Bag", "price": 32.9, "product_variant": "8 poser, 960 g", "quantity_info": [[8.0, "poser"], [960.0, "g"]], "image_url": "/media/uploads/public/201/216/964216-d7e9c-product_list.jpg", "unit_price_raw": "kr 34,27 per kg", "product_url": "https://kolonial.no/produkter/25226-toro-jasminris-boil-bag-8-poser/", "kolonial_id": "25226"},
  {"category": "Posesauser", "category_list": ["Alle varer", "Middager og tilbeh\u00f8r", "Posesauser"], "title": "Carbonara Pastasaus", "price": 24.7, "product_variant": "29 g", "quantity_info": [[29.0, "g"]], "image_url": "/media/uploads/public/135/306/967906-edfe5-product_list.jpg", "unit_price_raw": "kr 851,72 per kg", "product_url": "https://kolonial.no/produkter/11587-toro-carbonara-pastasaus-29g/", "kolonial_id": "11587"},
  {"category": "Middagstilbeh\u00f8r", "category_list": ["Alle varer", "Middager og tilbeh\u00f8r", "Middagstilbeh\u00f8r"], "title": "Opph\u00f8gde Potteter", "price": 27.7, "product_variant": "475 g", "quantity_info": [[475.0, "g"]], "image_url": "/media/uploads/public/168/372/971972-ef4c4-product_list.jpg", "unit_price_raw": "kr 58,32 per kg", "product_url": "https://kolonial.no/produkter/24500-hoff-opphogde-potteter/", "kolonial_id": "24500"},
  {"category": "Middagstilbeh\u00f8r", "category_list": ["Alle varer", "Middager og tilbeh\u00f8r", "Middagstilbeh\u00f8r"], "title": "Pommes Express", "price": 23.3, "product_variant": "450 g", "quantity_info": [[450.0, "g"]], "image_url": "/media/uploads/public/12/166/970166-b66d9-product_list.jpg", "unit_price_raw": "kr 51,78 per kg", "product_url": "https://kolonial.no/produkter/20950-rema-1000-pommes-express-450g-0-45-kg/", "kolonial_id": "20950"},
  {"category": "N\u00f8tter", "category_list": ["Alle varer", "Snacks og godteri", "N\u00f8tter"], "title": "Chilin\u00f8tter", "price": 21.7, "product_variant": "175 g", "quantity_info": [[175.0, "g"]], "image_url": "/media/uploads/public/265/141/968141-14b28-product_list.jpg", "unit_price_raw": "kr 124,00 per kg", "product_url": "https://kolonial.no/produkter/8598-rema-1000-chilinotter-175g/", "kolonial_id": "8598"},
  {"category": "Kylling, kalkun og and", "category_list": ["Alle varer", "Kj\u00f8tt og kylling", "Kylling, kalkun og and"], "title": "Hel H\u00f8ne Naturell", "price": 50.9, "product_variant": "2 kg", "quantity_info": [[2.0, "kg"]], "image_url": "/media/uploads/public/5/52/296052-497a9-product_list.jpg", "unit_price_raw": "kr 25,45 per kg", "product_url": "https://kolonial.no/produkter/25429-solvinge-hel-hone-naturell/", "kolonial_id": "25429"},
  {"category": "Bacon og tilbeh\u00f8r", "category_list": ["Alle varer", "Kj\u00f8tt og kylling", "Bacon og tilbeh\u00f8r"], "title": "T\u00f8rrsaltet Bacon uten Svor", "price": 27.7, "product_variant": "110 g", "quantity_info": [[110.0, "g"]], "image_url": "/media/uploads/public/92/232/156632-67d03-product_list.jpg", "unit_price_raw": "kr 251,82 per kg", "product_url": "https://kolonial.no/produkter/24687-nordfjord-torrsaltet-bacon-uten-svor/", "kolonial_id": "24687"},
  {"category": "Smoothie, yoghurt og mellomm\u00e5ltid", "category_list": ["Alle varer", "Barneprodukter", "Smoothie, yoghurt og mellomm\u00e5ltid"], "title": "Min Frukt P\u00e6re", "price": 15.6, "product_variant": "Smoothie, 90 g", "quantity_info": [[90.0, "g"]], "image_url": "/media/uploads/public/359/300/618300-2cb48-product_list.jpg", "unit_price_raw": "kr 173,33 per kg", "product_url": "https://kolonial.no/produkter/26561-nestle-min-frukt-paere-smoothie/", "kolonial_id": "26561"},
  {"category": "Smoothie, yoghurt og mellomm\u00e5ltid", "category_list": ["Alle varer", "Barneprodukter", "Smoothie, yoghurt og mellomm\u00e5ltid"], "title": "Min Frukt Eple&Bringeb\u00e6r Smoothie", "price": 15.7, "product_variant": "90 g", "quantity_info": [[90.0, "g"]], "image_url": "/media/uploads/public/332/130/971330-e4c81-product_list.jpg", "unit_price_raw": "kr 174,44 per kg", "product_url": "https://kolonial.no/produkter/23412-nestle-min-frukt-eplebringebaer-smoothie/", "kolonial_id": "23412"},
  {"category": "Middagsglass", "category_list": ["Alle varer", "Barneprodukter", "Middagsglass"], "title": "Gr\u00f8t Eple & Fersken", "price": 21.3, "product_variant": "Fra 6 mnd, 120 g", "quantity_info": [[6.0, "mnd"], [120.0, "g"]], "image_url": "/media/uploads/public/0/362/46762-e1dae-product_list.jpg", "unit_price_raw": "kr 177,50 per kg", "product_url": "https://kolonial.no/produkter/16957-semper-grot-eple-fersken-fra-6-mnd/", "kolonial_id": "16957"},
  {"category": "Poser og folie", "category_list": ["Alle varer", "Husholdning og tekstil", "Poser og folie"], "title": "Diaper Waste Bags", "price": 20.8, "product_variant": "3x15 stk, 45 stk", "quantity_info": [[3.0, "x"], [15.0, "stk"], [45.0, "stk"]], "image_url": "/media/uploads/public/311/186/964986-9b5e0-product_list.jpg", "unit_price_raw": "kr 0,46 per stk", "product_url": "https://kolonial.no/produkter/9002-libero-diaper-waste-bags-3x15-stk/", "kolonial_id": "9002"},
  {"category": "Honning og s\u00f8tp\u00e5legg", "category_list": ["Alle varer", "P\u00e5legg", "Honning og s\u00f8tp\u00e5legg"], "title": "Skippy Peanutbutter Crunchy", "price": 42.1, "product_variant": "340 g", "quantity_info": [[340.0, "g"]], "image_url": "/media/uploads/public/377/359/142359-cc8ed-product_list.jpg", "unit_price_raw": "kr 123,82 per kg", "product_url": "https://kolonial.no/produkter/23968-skippy-peanutbutter-crunchy/", "kolonial_id": "23968"},
  {"category": "Honning og s\u00f8tp\u00e5legg", "category_list": ["Alle varer", "P\u00e5legg", "Honning og s\u00f8tp\u00e5legg"], "title": "L\u00f8nnesirup Lys", "price": 94.9, "product_variant": "\u00d8kologisk, 236 g", "quantity_info": [[236.0, "g"]], "image_url": "/media/uploads/public/388/119/970119-35bde-product_list.jpg", "unit_price_raw": "kr 402,12 per kg", "product_url": "https://kolonial.no/produkter/17401-honningsentralen-lonnesirup-lys-okologisk/", "kolonial_id": "17401"},
  {"category": "Snus", "category_list": ["Alle varer", "Snus og tobakk", "Snus"], "title": "N&J Crushed Ica Xtra Strong Portion", "price": 92.9, "product_variant": "24 g", "quantity_info": [[24.0, "g"]], "image_url": "https://kolonial.no/static/products/img/placeholder.bffcea8d3530.png", "unit_price_raw": "kr 3870,83 per kg", "product_url": "https://kolonial.no/produkter/4063-nick-johnny-nj-crushed-ica-xtra-strong-portion/", "kolonial_id": "4063"},
  {"category": "Sigaretter", "category_list": ["Alle varer", "Snus og tobakk", "Sigaretter"], "title": "Camel Filter", "price": 118.9, "product_variant": "20 stk", "quantity_info": [[20.0, "stk"]], "image_url": "https://kolonial.no/static/products/img/placeholder.bffcea8d3530.png", "unit_price_raw": "kr 5,95 per stk", "product_url": "https://kolonial.no/produkter/15516-camel-camel-filter/", "kolonial_id": "15516"},
  {"category": "Salatp\u00e5legg", "category_list": ["Alle varer", "P\u00e5legg", "Salatp\u00e5legg"], "title": "Rekesalat", "price": 30.6, "product_variant": "400 g", "quantity_info": [[400.0, "g"]], "image_url": "/media/uploads/public/229/248/971448-cbbfa-product_list.jpg", "unit_price_raw": "kr 76,50 per kg", "product_url": "https://kolonial.no/produkter/5152-salatmestern-rekesalat-500g/", "kolonial_id": "5152"},
  {"category": "Leverpostei", "category_list": ["Alle varer", "P\u00e5legg", "Leverpostei"], "title": "Leverpostei Glutenfri", "price": 37.6, "product_variant": "Fersk, 150 g", "quantity_info": [[150.0, "g"]], "image_url": "/media/uploads/public/13/132/1010532-521c4-product_list.jpg", "unit_price_raw": "kr 250,67 per kg", "product_url": "https://kolonial.no/produkter/25054-stabburet-leverpostei-fersk-glutenfri/", "kolonial_id": "25054"},
  {"category": "Leverpostei", "category_list": ["Alle varer", "P\u00e5legg", "Leverpostei"], "title": "Pat\u00e9 Hvitl\u00f8k Ovnsbakt", "price": 30.6, "product_variant": "240 g", "quantity_info": [[240.0, "g"]], "image_url": "/media/uploads/public/13/271/972271-3901a-product_list.jpg", "unit_price_raw": "kr 127,50 per kg", "product_url": "https://kolonial.no/produkter/25179-finsbraten-pate-hvitlok-ovnsbakt/", "kolonial_id": "25179"},
  {"category": "Majones og tubep\u00e5legg", "category_list": ["Alle varer", "P\u00e5legg", "Majones og tubep\u00e5legg"], "title": "Kaviar", "price": 12.8, "product_variant": "185 g", "quantity_info": [[185.0, "g"]], "image_url": "/media/uploads/public/207/384/1015584-b2351-product_list.jpg", "unit_price_raw": "kr 69,19 per kg", "product_url": "https://kolonial.no/produkter/17065-rema-1000-kaviar/", "kolonial_id": "17065"},
  {"category": "Syltet\u00f8y", "category_list": ["Alle varer", "P\u00e5legg", "Syltet\u00f8y"], "title": "Bringeb\u00e6rsyltet\u00f8y Lett", "price": 31.9, "product_variant": "525 g", "quantity_info": [[525.0, "g"]], "image_url": "/media/uploads/public/37/388/967588-b902a-product_list.jpg", "unit_price_raw": "kr 60,76 per kg", "product_url": "https://kolonial.no/produkter/9470-rema-1000-bringebaersyltetoy-lett-525g/", "kolonial_id": "9470"},
  {"category": "Fiskep\u00e5legg", "category_list": ["Alle varer", "P\u00e5legg", "Fiskep\u00e5legg"], "title": "Skinnfri Makrell Chili", "price": 20.7, "product_variant": "110 g", "quantity_info": [[110.0, "g"]], "image_url": "/media/uploads/public/212/121/188121-21a8b-product_list.jpg", "unit_price_raw": "kr 188,18 per kg", "product_url": "https://kolonial.no/produkter/25358-king-oscar-skinnfri-makrell-chili/", "kolonial_id": "25358"},
  {"category": "Kj\u00f8tt- og kyllingp\u00e5legg", "category_list": ["Alle varer", "P\u00e5legg", "Kj\u00f8tt- og kyllingp\u00e5legg"], "title": "Kokt Skinke", "price": 19.9, "product_variant": "64% Kj\u00f8tt, 250 g", "quantity_info": [[64.0, "Kj\u00f8tt"], [250.0, "g"]], "image_url": "/media/uploads/public/169/49/134849-398b6-product_list.jpg", "unit_price_raw": "kr 79,60 per kg", "product_url": "https://kolonial.no/produkter/23817-finsbraten-hotellskinke-skaret/", "kolonial_id": "23817"},
  {"category": "Spekemat og salami", "category_list": ["Alle varer", "P\u00e5legg", "Spekemat og salami"], "title": "F\u00e5rep\u00f8lse", "price": 31.5, "product_variant": "91 g", "quantity_info": [[91.0, "g"]], "image_url": "/media/uploads/public/219/2/966802-4bb91-product_list.jpg", "unit_price_raw": "kr 346,15 per kg", "product_url": "https://kolonial.no/produkter/2584-vossafar-farepolse-91g/", "kolonial_id": "2584"},
  {"category": "Spekemat og salami", "category_list": ["Alle varer", "P\u00e5legg", "Spekemat og salami"], "title": "Salami", "price": 47.9, "product_variant": "Skivet, 200 g", "quantity_info": [[200.0, "g"]], "image_url": "/media/uploads/public/68/323/708323-e581a-product_list.jpg", "unit_price_raw": "kr 239,50 per kg", "product_url": "https://kolonial.no/produkter/27538-salami-skivet/", "kolonial_id": "27538"},
  {"category": "Kattemat", "category_list": ["Alle varer", "Dyremat", "Kattemat"], "title": "Sticks Salmon", "price": 13.6, "product_variant": "18 g", "quantity_info": [[18.0, "g"]], "image_url": "/media/uploads/public/266/312/965912-5bc2b-product_list.jpg", "unit_price_raw": "kr 755,56 per kg", "product_url": "https://kolonial.no/produkter/13915-whiskas-sticks-salmon/", "kolonial_id": "13915"},
  {"category": "Fl\u00f8te og r\u00f8mmeprodukter", "category_list": ["Alle varer", "Melk, meieriprodukter og egg", "Fl\u00f8te og r\u00f8mmeprodukter"], "title": "Cottage Cheese", "price": 21.0, "product_variant": "Original, 250 g", "quantity_info": [[250.0, "g"]], "image_url": "/media/uploads/public/0/310/19510-df130-product_list.jpg", "unit_price_raw": "kr 84,00 per kg", "product_url": "https://kolonial.no/produkter/12112-tine-cottage-cheese-original-250g/", "kolonial_id": "12112"},
  {"category": "Yoghurt", "category_list": ["Alle varer", "Melk, meieriprodukter og egg", "Yoghurt"], "title": "Skyr Jordb\u00e6r & Lime", "price": 20.6, "product_variant": "160 g", "quantity_info": [[160.0, "g"]], "image_url": "/media/uploads/public/94/310/969510-1cac8-product_list.jpg", "unit_price_raw": "kr 128,75 per kg", "product_url": "https://kolonial.no/produkter/18394-q-meieriene-skyr-jordbaer-lime/", "kolonial_id": "18394"},
  {"category": "Sm\u00f8r og margarin", "category_list": ["Alle varer", "Melk, meieriprodukter og egg", "Sm\u00f8r og margarin"], "title": "Setersm\u00f8r", "price": 32.1, "product_variant": "250 g", "quantity_info": [[250.0, "g"]], "image_url": "/media/uploads/public/317/391/966391-3284e-product_list.jpg", "unit_price_raw": "kr 128,40 per kg", "product_url": "https://kolonial.no/produkter/12295-tine-setersmor-250g/", "kolonial_id": "12295"},
  {"category": "Sm\u00f8r og margarin", "category_list": ["Alle varer", "Melk, meieriprodukter og egg", "Sm\u00f8r og margarin"], "title": "Vita Pro Aktiv", "price": 42.0, "product_variant": "250 g", "quantity_info": [[250.0, "g"]], "image_url": "/media/uploads/public/331/398/966398-e73ad-product_list.jpg", "unit_price_raw": "kr 168,00 per kg", "product_url": "https://kolonial.no/produkter/5140-vita-hjertego-vita-pro-aktiv-250g/", "kolonial_id": "5140"},
  {"category": "Te", "category_list": ["Alle varer", "Drikkevarer", "Te"], "title": "Green Tea Pyramide", "price": 26.9, "product_variant": "20 poser, 20 stk", "quantity_info": [[20.0, "poser"], [20.0, "stk"]], "image_url": "/media/uploads/public/87/63/964463-cd422-product_list.jpg", "unit_price_raw": "kr 1,35 per stk", "product_url": "https://kolonial.no/produkter/13831-lipton-green-tea-pyramide-20-poser/", "kolonial_id": "13831"},
  {"category": "Kaffe", "category_list": ["Alle varer", "Drikkevarer", "Kaffe"], "title": "Cafe Noir Espresso", "price": 58.6, "product_variant": "Hele b\u00f8nner, 225 g", "quantity_info": [[225.0, "g"]], "image_url": "/media/uploads/public/221/214/967414-40001-product_list.jpg", "unit_price_raw": "kr 260,44 per kg", "product_url": "https://kolonial.no/produkter/13525-friele-cafe-noir-espresso-hele-bonner-225g/", "kolonial_id": "13525"},
  {"category": "Saft", "category_list": ["Alle varer", "Drikkevarer", "Saft"], "title": "Eple & P\u00e6resaft", "price": 50.2, "product_variant": "Uten Tilsatt Sukker, 0,9 l", "quantity_info": [[0.9, "l"]], "image_url": "/media/uploads/public/140/128/973728-1a2b3-product_list.jpg", "unit_price_raw": "kr 55,78 per l", "product_url": "https://kolonial.no/produkter/1264-lerum-eple-paeresaft-uten-tilsatt-sukker-09l/", "kolonial_id": "1264"},
  {"category": "Saft", "category_list": ["Alle varer", "Drikkevarer", "Saft"], "title": "Cola", "price": 41.5, "product_variant": "0,8 l", "quantity_info": [[0.8, "l"]], "image_url": "/media/uploads/public/245/205/973805-5c248-product_list.jpg", "unit_price_raw": "kr 51,88 per l", "product_url": "https://kolonial.no/produkter/27754-fun-light-cola/", "kolonial_id": "27754"},
  {"category": "Smoothie", "category_list": ["Alle varer", "Drikkevarer", "Smoothie"], "title": "Smoothie Mango & Appelsin", "price": 20.9, "product_variant": "250 ml", "quantity_info": [[250.0, "ml"]], "image_url": "/media/uploads/public/219/84/158084-4a5f8-product_list.jpg", "unit_price_raw": "kr 83,60 per l", "product_url": "https://kolonial.no/produkter/24269-froosh-smoothie-mango-appelsin/", "kolonial_id": "24269"},
  {"category": "Juice", "category_list": ["Alle varer", "Drikkevarer", "Juice"], "title": "Original Eplejuice", "price": 39.1, "product_variant": "1,75 l", "quantity_info": [[1.75, "l"]], "image_url": "/media/uploads/public/309/387/968387-b00fb-product_list.jpg", "unit_price_raw": "kr 22,34 per l", "product_url": "https://kolonial.no/produkter/12100-sunniva-original-eplejuice-175l/", "kolonial_id": "12100"},
  {"category": "Vann og mineralvann", "category_list": ["Alle varer", "Drikkevarer", "Vann og mineralvann"], "title": "Farris Sitron", "price": 18.8, "product_variant": "0,5 l", "quantity_info": [[0.5, "l"]], "image_url": "/media/uploads/public/0/134/6934-c0cfe-product_list.jpg", "unit_price_raw": "kr 37,60 per l", "product_url": "https://kolonial.no/produkter/501-ringnes-farris-sitron-0-5l/", "kolonial_id": "501"},
  {"category": "Sm\u00f8reost og prim", "category_list": ["Alle varer", "Oster", "Sm\u00f8reost og prim"], "title": "Vegetabilsk Kremost Original", "price": 55.5, "product_variant": "Melkefri, 200 g", "quantity_info": [[200.0, "g"]], "image_url": "/media/uploads/public/345/189/718989-3da9d-product_list.jpg", "unit_price_raw": "kr 277,50 per kg", "product_url": "https://kolonial.no/produkter/25743-violife-vegetabilsk-kremost-original-melkefri/", "kolonial_id": "25743"},
  {"category": "Sm\u00f8reost og prim", "category_list": ["Alle varer", "Oster", "Sm\u00f8reost og prim"], "title": "Kremost Naturell", "price": 20.0, "product_variant": "150 g", "quantity_info": [[150.0, "g"]], "image_url": "/media/uploads/public/139/69/1012869-80130-product_list.jpg", "unit_price_raw": "kr 133,33 per kg", "product_url": "https://kolonial.no/produkter/28100-meieriet-kremost-naturell-150g-015-kg/", "kolonial_id": "28100"},
  {"category": "Bleier", "category_list": ["Alle varer", "Barneprodukter", "Bleier"], "title": "Pampers Bleie Baby Dry Pants", "price": 78.6, "product_variant": "Str.3 6-11kg, 44 stk", "quantity_info": [[36.0, ""], [11.0, "kg"], [44.0, "stk"]], "image_url": "/media/uploads/public/347/167/973767-f6b62-product_list.jpg", "unit_price_raw": "kr 1,79 per stk", "product_url": "https://kolonial.no/produkter/27660-pampers-pampers-bleie-baby-dry-pants-str3-6-11kg/", "kolonial_id": "27660"},
  {"category": "Bleier", "category_list": ["Alle varer", "Barneprodukter", "Bleier"], "title": "Pampers Bleie Baby Dry Pants", "price": 78.6, "product_variant": "Str.4 9-15kg, 40 stk", "quantity_info": [[49.0, ""], [15.0, "kg"], [40.0, "stk"]], "image_url": "/media/uploads/public/296/162/973762-9e104-product_list.jpg", "unit_price_raw": "kr 1,97 per stk", "product_url": "https://kolonial.no/produkter/27658-pampers-pampers-bleie-baby-dry-pants-str4-9-15kg/", "kolonial_id": "27658"},
  {"category": "Spesialoster", "category_list": ["Alle varer", "Oster", "Spesialoster"], "title": "Castello White med Chili", "price": 40.5, "product_variant": "150 g", "quantity_info": [[150.0, "g"]], "image_url": "/media/uploads/public/386/154/970954-722ef-product_list.jpg", "unit_price_raw": "kr 270,00 per kg", "product_url": "https://kolonial.no/produkter/23254-castello-castello-white-med-chili/", "kolonial_id": "23254"},
  {"category": "Julens p\u00e5legg", "category_list": ["Alle varer", "P\u00e5legg", "Julens p\u00e5legg"], "title": "Sylte H\u00e5ndlaget", "price": 27.9, "product_variant": "100 g", "quantity_info": [[100.0, "g"]], "image_url": "/media/uploads/public/68/25/978425-993f7-product_list.jpg", "unit_price_raw": "kr 279,00 per kg", "product_url": "https://kolonial.no/produkter/22933-finsbraten-sylte-handlaget/", "kolonial_id": "22933"},
  {"category": "Brus", "category_list": ["Alle varer", "Drikkevarer", "Brus"], "title": "Singo", "price": 25.8, "product_variant": "1,5 l", "quantity_info": [[1.5, "l"]], "image_url": "/media/uploads/public/396/387/973187-f1c83-product_list.jpg", "unit_price_raw": "kr 17,20 per l", "product_url": "https://kolonial.no/produkter/6847-grans-bryggeri-singo-15l/", "kolonial_id": "6847"},
  {"category": "Hundemat", "category_list": ["Alle varer", "Dyremat", "Hundemat"], "title": "My Dog Is Active", "price": 87.4, "product_variant": "Purina One, 1,5 kg", "quantity_info": [[1.5, "kg"]], "image_url": "/media/uploads/public/132/79/1010879-b5b0c-product_list.jpg", "unit_price_raw": "kr 58,27 per kg", "product_url": "https://kolonial.no/produkter/22411-my-dog-active-purina-one/", "kolonial_id": "22411"},
  {"category": "Buljong og fond", "category_list": ["Alle varer", "Olje og krydder", "Buljong og fond"], "title": "Fond du Chef", "price": 24.9, "product_variant": "Gr\u00f8nnsak, 4x28g, 112 g", "quantity_info": [[4.0, "x"], [28.0, "g"], [112.0, "g"]], "image_url": "/media/uploads/public/306/169/324969-7a9cb-product_list.jpg", "unit_price_raw": "kr 222,32 per kg", "product_url": "https://kolonial.no/produkter/25621-knorr-fond-du-chef-gronnsak-4x28g/", "kolonial_id": "25621"},
  {"category": "Deodorant", "category_list": ["Alle varer", "Hygieneartikler", "Deodorant"], "title": "Deo Dry Comfort", "price": 29.6, "product_variant": "Roll-on, 0,05 l", "quantity_info": [[0.05, "l"]], "image_url": "/media/uploads/public/380/110/973710-ed562-product_list.jpg", "unit_price_raw": "kr 592,00 per l", "product_url": "https://kolonial.no/produkter/12985-nivea-deo-dry-comfort-roll-/", "kolonial_id": "12985"},
  {"category": "Melk", "category_list": ["Alle varer", "Melk, meieriprodukter og egg", "Melk"], "title": "Tine Helmelk", "price": 25.1, "product_variant": "\u00d8kologisk, 1 l", "quantity_info": [[1.0, "l"]], "image_url": "/media/uploads/public/0/184/19384-8c9b4-product_list.jpg", "unit_price_raw": "kr 25,10 per l", "product_url": "https://kolonial.no/produkter/12175-tine-tine-helmelk-okologisk/", "kolonial_id": "12175"},
  {"category": "Barbering", "category_list": ["Alle varer", "Hygieneartikler", "Barbering"], "title": "Veet H\u00e5rfjerner Krem Normal", "price": 155.4, "product_variant": "200 ml", "quantity_info": [[200.0, "ml"]], "image_url": "/media/uploads/public/312/75/188075-cc7db-product_list.jpg", "unit_price_raw": "kr 777,00 per l", "product_url": "https://kolonial.no/produkter/25144-veet-veet-harfjerner-krem-normal/", "kolonial_id": "25144"},
  {"category": "Barnes\u00e5pe og babyolje", "category_list": ["Alle varer", "Shampo, s\u00e5pe og krem", "Barnes\u00e5pe og babyolje"], "title": "Badeskum", "price": 61.8, "product_variant": "Frost, 750 ml", "quantity_info": [[750.0, "ml"]], "image_url": "/media/uploads/public/381/51/145251-a701c-product_list.jpg", "unit_price_raw": "kr 82,40 per l", "product_url": "https://kolonial.no/produkter/24388-disney-badeskum-frost/", "kolonial_id": "24388"},
  {"category": "Barnes\u00e5pe og babyolje", "category_list": ["Alle varer", "Shampo, s\u00e5pe og krem", "Barnes\u00e5pe og babyolje"], "title": "Dusjs\u00e5pe", "price": 61.8, "product_variant": "Cars, 750 ml", "quantity_info": [[750.0, "ml"]], "image_url": "/media/uploads/public/6/57/145257-c6430-product_list.jpg", "unit_price_raw": "kr 82,40 per l", "product_url": "https://kolonial.no/produkter/24394-disney-dusjsape-cars/", "kolonial_id": "24394"},
  {"category": "Bomull og ansiktsrens", "category_list": ["Alle varer", "Hygieneartikler", "Bomull og ansiktsrens"], "title": "Ansiktsservietter", "price": 34.4, "product_variant": "20 stk", "quantity_info": [[20.0, "stk"]], "image_url": "/media/uploads/public/347/259/1011859-9705b-product_list.jpg", "unit_price_raw": "kr 1,72 per stk", "product_url": "https://kolonial.no/produkter/11338-aqua-derma-aqua-derma-sens-mineral-wipes-20stk/", "kolonial_id": "11338"},
  {"category": "Krydder", "category_list": ["Alle varer", "Olje og krydder", "Krydder"], "title": "Krydderblanding Natvigs", "price": 29.6, "product_variant": "175 g", "quantity_info": [[175.0, "g"]], "image_url": "/media/uploads/public/175/274/965474-120ce-product_list.jpg", "unit_price_raw": "kr 169,14 per kg", "product_url": "https://kolonial.no/produkter/6391-toro-krydderblanding-natvigs/", "kolonial_id": "6391"},
  {"category": "Helsekost", "category_list": ["Alle varer", "Legemidler og helsekost", "Helsekost"], "title": "Kost+multitotal", "price": 80.4, "product_variant": "100 stk", "quantity_info": [[100.0, "stk"]], "image_url": "/media/uploads/public/278/388/967188-31bb1-product_list.jpg", "unit_price_raw": "kr 0,80 per stk", "product_url": "https://kolonial.no/produkter/9764-collett-kostmultitotal/", "kolonial_id": "9764"},
  {"category": "Proteinbar og m\u00fcslibar", "category_list": ["Alle varer", "Legemidler og helsekost", "Proteinbar og m\u00fcslibar"], "title": "Go'morgen Bar", "price": 18.7, "product_variant": "Pecan % Salt Karamell, 45 g", "quantity_info": [[45.0, "g"]], "image_url": "/media/uploads/public/97/189/374589-5c954-product_list.jpg", "unit_price_raw": "kr 415,56 per kg", "product_url": "https://kolonial.no/produkter/26089-tine-gomorgen-bar-pecan-salt-karamell/", "kolonial_id": "26089"},
  {"category": "Proteinbar og m\u00fcslibar", "category_list": ["Alle varer", "Legemidler og helsekost", "Proteinbar og m\u00fcslibar"], "title": "Maxim 40% Choco Rasp", "price": 32.6, "product_variant": "Proteinbar, 50 g", "quantity_info": [[50.0, "g"]], "image_url": "/media/uploads/public/88/71/968471-285f9-product_list.jpg", "unit_price_raw": "kr 652,00 per kg", "product_url": "https://kolonial.no/produkter/15810-maxim-maxim-40-choco-rasp-proteinbar/", "kolonial_id": "15810"},
  {"category": "Bind og tamponger", "category_list": ["Alle varer", "Hygieneartikler", "Bind og tamponger"], "title": "Truseinnlegg Liner Large", "price": 32.8, "product_variant": "26 stk", "quantity_info": [[26.0, "stk"]], "image_url": "/media/uploads/public/281/200/973800-3ee52-product_list.jpg", "unit_price_raw": "kr 1,26 per stk", "product_url": "https://kolonial.no/produkter/15435-always-truseinnlegg-liner-large/", "kolonial_id": "15435"},
  {"category": "Kluter, svamper og hansker", "category_list": ["Alle varer", "T\u00f8rkepapir og vaskemidler", "Kluter, svamper og hansker"], "title": "Skureball i St\u00e5l", "price": 27.7, "product_variant": "2 stk", "quantity_info": [[2.0, "stk"]], "image_url": "/media/uploads/public/0/235/45835-e466e-product_list.jpg", "unit_price_raw": "kr 13,85 per stk", "product_url": "https://kolonial.no/produkter/14698-skureball-i-stal/", "kolonial_id": "14698"},
  {"category": "Shampo og h\u00e5rprodukter", "category_list": ["Alle varer", "Shampo, s\u00e5pe og krem", "Shampo og h\u00e5rprodukter"], "title": "Fructis Damage Rewind Balsam", "price": 41.1, "product_variant": "200 ml", "quantity_info": [[200.0, "ml"]], "image_url": "/media/uploads/public/57/166/973366-e0c1f-product_list.jpg", "unit_price_raw": "kr 205,50 per l", "product_url": "https://kolonial.no/produkter/27316-garnier-fructis-damage-rewind-balsam/", "kolonial_id": "27316"},
  {"category": "Krem", "category_list": ["Alle varer", "Shampo, s\u00e5pe og krem", "Krem"], "title": "Hydra Energetic Dagkrem", "price": 93.2, "product_variant": "Men Expert, 50 ml", "quantity_info": [[50.0, "ml"]], "image_url": "/media/uploads/public/0/357/19957-5f675-product_list.jpg", "unit_price_raw": "kr 1864,00 per l", "product_url": "https://kolonial.no/produkter/12715-loreal-hydra-energetic-dagkrem-men-expert-50ml/", "kolonial_id": "12715"},
  {"category": "Krem", "category_list": ["Alle varer", "Shampo, s\u00e5pe og krem", "Krem"], "title": "After Shave Balm", "price": 59.4, "product_variant": "100 ml", "quantity_info": [[100.0, "ml"]], "image_url": "/media/uploads/public/315/224/968624-d7695-product_list.jpg", "unit_price_raw": "kr 594,00 per l", "product_url": "https://kolonial.no/produkter/16062-nivea-after-shave-balm/", "kolonial_id": "16062"},
  {"category": "Gulost", "category_list": ["Alle varer", "Oster", "Gulost"], "title": "Norvegia 27%", "price": 84.9, "product_variant": "\u00d8kologisk, 500 g", "quantity_info": [[500.0, "g"]], "image_url": "/media/uploads/public/166/124/967324-387ce-product_list.jpg", "unit_price_raw": "kr 169,80 per kg", "product_url": "https://kolonial.no/produkter/12298-tine-norvegia-27-okologisk-500g/", "kolonial_id": "12298"},
  {"category": "Oppvask", "category_list": ["Alle varer", "T\u00f8rkepapir og vaskemidler", "Oppvask"], "title": "Kannerens", "price": 49.4, "product_variant": "20 tablett", "quantity_info": [[20.0, "tablett"]], "image_url": "/media/uploads/public/132/23/971623-d340c-product_list.jpg", "unit_price_raw": "kr 2,47 per tablett", "product_url": "https://kolonial.no/produkter/23905-kannerens/", "kolonial_id": "23905"},
  {"category": "Fryst pizza", "category_list": ["Alle varer", "Pizza og taco", "Fryst pizza"], "title": "Pizza Grandiosa", "price": 42.9, "product_variant": "Original, 575 g", "quantity_info": [[575.0, "g"]], "image_url": "/media/uploads/public/206/226/1003426-5988a-product_list.jpg", "unit_price_raw": "kr 74,61 per kg", "product_url": "https://kolonial.no/produkter/211-grandiosa-pizza-grandiosa-original/", "kolonial_id": "211"},
  {"category": "Tannpleie", "category_list": ["Alle varer", "Hygieneartikler", "Tannpleie"], "title": "Tannb\u00f8rste Individual Reach", "price": 48.9, "product_variant": "Soft, Assortert Design, 1 stk", "quantity_info": [[1.0, "stk"]], "image_url": "/media/uploads/public/72/119/964919-2978b-product_list.jpg", "unit_price_raw": "kr 48,90 per stk", "product_url": "https://kolonial.no/produkter/7015-jordan-tannborste-individual-reach-soft-assortert-/", "kolonial_id": "7015"},
  {"category": "Vaskemidler", "category_list": ["Alle varer", "T\u00f8rkepapir og vaskemidler", "Vaskemidler"], "title": "Klorin Wc-Gel Med Klor", "price": 38.5, "product_variant": "750 ml", "quantity_info": [[750.0, "ml"]], "image_url": "/media/uploads/public/62/9/964809-2f4c7-product_list.jpg", "unit_price_raw": "kr 51,33 per l", "product_url": "https://kolonial.no/produkter/7105-klorin-klorin-wc-gel-med-klor/", "kolonial_id": "7105"},
  {"category": "Vaskemidler", "category_list": ["Alle varer", "T\u00f8rkepapir og vaskemidler", "Vaskemidler"], "title": "Jif Wc Power Gel Uten Klor", "price": 33.1, "product_variant": "750 ml", "quantity_info": [[750.0, "ml"]], "image_url": "/media/uploads/public/373/21/155221-b9717-product_list.jpg", "unit_price_raw": "kr 44,13 per l", "product_url": "https://kolonial.no/produkter/25032-jif-jif-wc-power-gel-uten-klor/", "kolonial_id": "25032"},
  {"category": "Frossen fisk og sj\u00f8mat", "category_list": ["Alle varer", "Fisk og sj\u00f8mat", "Frossen fisk og sj\u00f8mat"], "title": "Fiskepinner", "price": 29.8, "product_variant": "30 stk, 900 g", "quantity_info": [[30.0, "stk"], [900.0, "g"]], "image_url": "/media/uploads/public/246/106/969306-bdf5e-product_list.jpg", "unit_price_raw": "kr 33,11 per kg", "product_url": "https://kolonial.no/produkter/4132-rema-1000-fiskepinner-30-stk/", "kolonial_id": "4132"},
  {"category": "Baketilbeh\u00f8r", "category_list": ["Alle varer", "Mel og bakeingredienser", "Baketilbeh\u00f8r"], "title": "Hornsalt", "price": 23.1, "product_variant": "65 g", "quantity_info": [[65.0, "g"]], "image_url": "/media/uploads/public/126/378/972378-72dac-product_list.jpg", "unit_price_raw": "kr 355,38 per kg", "product_url": "https://kolonial.no/produkter/1182-idun-hornsalt-65g/", "kolonial_id": "1182"},
  {"category": "Baketilbeh\u00f8r", "category_list": ["Alle varer", "Mel og bakeingredienser", "Baketilbeh\u00f8r"], "title": "Lys Kokesjokolade", "price": 22.3, "product_variant": "100 g", "quantity_info": [[100.0, "g"]], "image_url": "/media/uploads/public/8/222/964622-de160-product_list.jpg", "unit_price_raw": "kr 223,00 per kg", "product_url": "https://kolonial.no/produkter/10879-freia-lys-kokesjokolade-100g/", "kolonial_id": "10879"},
  {"category": "Ferske br\u00f8d", "category_list": ["Alle varer", "Br\u00f8d og frokostblandinger", "Ferske br\u00f8d"], "title": "Lurebr\u00f8d", "price": 29.9, "product_variant": "Helt, 770 g", "quantity_info": [[770.0, "g"]], "image_url": "/media/uploads/public/52/121/708921-6b231-product_list.jpg", "unit_price_raw": "kr 38,83 per kg", "product_url": "https://kolonial.no/produkter/27546-brodverket-lurebrod-hel/", "kolonial_id": "27546"},
  {"category": "Hermetisert sj\u00f8mat", "category_list": ["Alle varer", "Fisk og sj\u00f8mat", "Hermetisert sj\u00f8mat"], "title": "Sennepsild", "price": 52.4, "product_variant": "600 g", "quantity_info": [[600.0, "g"]], "image_url": "/media/uploads/public/146/159/970959-28873-product_list.jpg", "unit_price_raw": "kr 87,33 per kg", "product_url": "https://kolonial.no/produkter/23211-sildakongen-sennepsild/", "kolonial_id": "23211"},
  {"category": "Klesvask", "category_list": ["Alle varer", "T\u00f8rkepapir og vaskemidler", "Klesvask"], "title": "Maskinrens", "price": 89.9, "product_variant": "120 g", "quantity_info": [[120.0, "g"]], "image_url": "/media/uploads/public/288/30/964830-786bc-product_list.jpg", "unit_price_raw": "kr 749,17 per kg", "product_url": "https://kolonial.no/produkter/653-omo-maskinrens/", "kolonial_id": "653"},
  {"category": "R\u00f8kt og gravet fisk", "category_list": ["Alle varer", "Fisk og sj\u00f8mat", "R\u00f8kt og gravet fisk"], "title": "R\u00f8kt \u00d8rret i Skiver", "price": 34.9, "product_variant": "100 g", "quantity_info": [[100.0, "g"]], "image_url": "/media/uploads/public/325/164/186164-1c831-product_list.jpg", "unit_price_raw": "kr 349,00 per kg", "product_url": "https://kolonial.no/produkter/24585-godehav-rokt-orret-i-skiver/", "kolonial_id": "24585"},
  {"category": "R\u00f8kt og gravet fisk", "category_list": ["Alle varer", "Fisk og sj\u00f8mat", "R\u00f8kt og gravet fisk"], "title": "R\u00f8kt Laks Hel Side", "price": 99.9, "product_variant": "V\u00e5r Laveste Pris, ca. 900 g", "quantity_info": [[900.0, "g"]], "image_url": "/media/uploads/public/250/127/722927-839b0-product_list.jpg", "unit_price_raw": "kr 111,00 per kg", "product_url": "https://kolonial.no/produkter/27725-rokt-laks-helside/", "kolonial_id": "27725"},
  {"category": "Fersk fisk", "category_list": ["Alle varer", "Fisk og sj\u00f8mat", "Fersk fisk"], "title": "\u00d8rretfilet med Skinn", "price": 72.6, "product_variant": "Godehav, \n                            \n\n                            400 g", "quantity_info": [[400.0, "g"]], "image_url": "/media/uploads/public/250/28/154828-56204-product_list_large.jpg", "unit_price_raw": "kr 181,50 per kg", "product_url": "https://kolonial.no/produkter/18409-godehav-orretfilet-med-skinn/", "kolonial_id": "18409"},
  {"category": "Oljer og dressinger", "category_list": ["Alle varer", "Olje og krydder", "Oljer og dressinger"], "title": "Rapsolje", "price": 16.8, "product_variant": "1 l", "quantity_info": [[1.0, "l"]], "image_url": "/media/uploads/public/0/160/99760-69d42-product_list.jpg", "unit_price_raw": "kr 16,80 per l", "product_url": "https://kolonial.no/produkter/22318-coroli-rapsolje/", "kolonial_id": "22318"},
  {"category": "Ferdigmikser", "category_list": ["Alle varer", "Mel og bakeingredienser", "Ferdigmikser"], "title": "Grovbr\u00f8d Mix", "price": 25.0, "product_variant": "1 kg", "quantity_info": [[1.0, "kg"]], "image_url": "/media/uploads/public/242/365/967965-8ad44-product_list.jpg", "unit_price_raw": "kr 25,00 per kg", "product_url": "https://kolonial.no/produkter/1702-mollerens-grovbrod-mix-1kg/", "kolonial_id": "1702"},
  {"category": "Tyggis og pastiller", "category_list": ["Alle varer", "Snacks og godteri", "Tyggis og pastiller"], "title": "Fisherman's Friend Raspberry", "price": 20.6, "product_variant": "25 g", "quantity_info": [[25.0, "g"]], "image_url": "/media/uploads/public/267/41/155241-9aa64-product_list.jpg", "unit_price_raw": "kr 824,00 per kg", "product_url": "https://kolonial.no/produkter/25055-lofthouses-fishermans-friend-raspberry/", "kolonial_id": "25055"},
  {"category": "Frokostblandinger og gryn", "category_list": ["Alle varer", "Br\u00f8d og frokostblandinger", "Frokostblandinger og gryn"], "title": "Bj\u00f8rn Havregryn Store", "price": 24.3, "product_variant": "1,1 kg", "quantity_info": [[1.1, "kg"]], "image_url": "/media/uploads/public/4/154/970154-6298e-product_list.jpg", "unit_price_raw": "kr 22,09 per kg", "product_url": "https://kolonial.no/produkter/5953-axa-bjorn-havregryn-store-11kg/", "kolonial_id": "5953"},
  {"category": "Bursdag", "category_list": ["Alle varer", "Barneprodukter", "Bursdag"], "title": "Party Poppers", "price": 28.2, "product_variant": "12 stk", "quantity_info": [[12.0, "stk"]], "image_url": "/media/uploads/public/0/256/45856-4cdb0-product_list.jpg", "unit_price_raw": "kr 2,35 per stk", "product_url": "https://kolonial.no/produkter/14737-party-poppers/", "kolonial_id": "14737"},
  {"category": "Supper", "category_list": ["Alle varer", "Middager og tilbeh\u00f8r", "Supper"], "title": "Kj\u00f8ttsuppe med Gr\u00f8nnsaker", "price": 32.6, "product_variant": "81g, 1 l", "quantity_info": [[81.0, "g"], [1.0, "l"]], "image_url": "/media/uploads/public/38/142/967342-93fc4-product_list.jpg", "unit_price_raw": "kr 32,60 per l", "product_url": "https://kolonial.no/produkter/10712-toro-kjottsuppe-med-gronnsaker-81g/", "kolonial_id": "10712"},
  {"category": "Supper", "category_list": ["Alle varer", "Middager og tilbeh\u00f8r", "Supper"], "title": "Fruktsuppe", "price": 26.7, "product_variant": "1 l", "quantity_info": [[1.0, "l"]], "image_url": "/media/uploads/public/399/206/969006-2608b-product_list.jpg", "unit_price_raw": "kr 174,51 per kg", "product_url": "https://kolonial.no/produkter/17302-toro-fruktsuppe/", "kolonial_id": "17302"},
  {"category": "Knekkebr\u00f8d", "category_list": ["Alle varer", "Br\u00f8d og frokostblandinger", "Knekkebr\u00f8d"], "title": "Sandwich Tomat & Basilikum", "price": 11.9, "product_variant": "40 g", "quantity_info": [[40.0, "g"]], "image_url": "/media/uploads/public/130/331/973531-92771-product_list.jpg", "unit_price_raw": "kr 297,50 per kg", "product_url": "https://kolonial.no/produkter/27485-wasa-sandwich-tomat-basilikum/", "kolonial_id": "27485"},
  {"category": "Langtidsholdbare br\u00f8d", "category_list": ["Alle varer", "Br\u00f8d og frokostblandinger", "Langtidsholdbare br\u00f8d"], "title": "Nirus H\u00e5ndlagde Hvit\u00f8ksnan", "price": 36.9, "product_variant": "260 g", "quantity_info": [[260.0, "g"]], "image_url": "/media/uploads/public/178/19/974019-af7f3-product_list.jpg", "unit_price_raw": "kr 141,92 per kg", "product_url": "https://kolonial.no/produkter/27217-masalamagic-nirus-handlagde-hvitoksnan/", "kolonial_id": "27217"},
  {"category": "Pasta og nudler", "category_list": ["Alle varer", "Middager og tilbeh\u00f8r", "Pasta og nudler"], "title": "Caserecce", "price": 36.0, "product_variant": "500 g", "quantity_info": [[500.0, "g"]], "image_url": "/media/uploads/public/336/246/131046-31833-product_list.jpg", "unit_price_raw": "kr 72,00 per kg", "product_url": "https://kolonial.no/produkter/23572-rummo-caserecce/", "kolonial_id": "23572"},
  {"category": "Pasta og nudler", "category_list": ["Alle varer", "Middager og tilbeh\u00f8r", "Pasta og nudler"], "title": "Fusilli", "price": 36.0, "product_variant": "500 g", "quantity_info": [[500.0, "g"]], "image_url": "/media/uploads/public/102/243/131043-9b8a2-product_list.jpg", "unit_price_raw": "kr 72,00 per kg", "product_url": "https://kolonial.no/produkter/23571-rummo-fusilli/", "kolonial_id": "23571"},
  {"category": "Hermetisert frukt og gr\u00f8nt", "category_list": ["Alle varer", "Frukt og gr\u00f8nt", "Hermetisert frukt og gr\u00f8nt"], "title": "T\u00f8rkede Erter", "price": 14.3, "product_variant": "410 g", "quantity_info": [[410.0, "g"]], "image_url": "/media/uploads/public/249/287/965087-63836-product_list.jpg", "unit_price_raw": "kr 34,88 per kg", "product_url": "https://kolonial.no/produkter/8770-rema-1000-torkede-erter-410g/", "kolonial_id": "8770"},
  {"category": "Diverse husholdning", "category_list": ["Alle varer", "Husholdning og tekstil", "Diverse husholdning"], "title": "Klesklyper i Plast", "price": 27.8, "product_variant": "36 stk", "quantity_info": [[36.0, "stk"]], "image_url": "/media/uploads/public/48/160/968560-c605f-product_list.jpg", "unit_price_raw": "kr 0,77 per stk", "product_url": "https://kolonial.no/produkter/16236-soft-style-klesklyper-i-plast/", "kolonial_id": "16236"},
  {"category": "Ferdige middagsretter", "category_list": ["Alle varer", "Middager og tilbeh\u00f8r", "Ferdige middagsretter"], "title": "Havregr\u00f8t", "price": 24.5, "product_variant": "1 porsjon, 370 g", "quantity_info": [[1.0, "porsjon"], [370.0, "g"]], "image_url": "/media/uploads/public/236/320/185920-55221-product_list.jpg", "unit_price_raw": "kr 66,22 per kg", "product_url": "https://kolonial.no/produkter/25311-fjordland-havregrot-1-porsjon/", "kolonial_id": "25311"},
  {"category": "Ferdigsauser", "category_list": ["Alle varer", "Middager og tilbeh\u00f8r", "Ferdigsauser"], "title": "Pastasaus Al Forne", "price": 31.6, "product_variant": "500 g", "quantity_info": [[500.0, "g"]], "image_url": "/media/uploads/public/329/66/1018866-a1be7-product_list.jpg", "unit_price_raw": "kr 63,20 per kg", "product_url": "https://kolonial.no/produkter/5671-dolmio-pastasaus-al-forne-500g/", "kolonial_id": "5671"},
  {"category": "P\u00f8lser", "category_list": ["Alle varer", "Kj\u00f8tt og kylling", "P\u00f8lser"], "title": "L\u00f8k-Knacker", "price": 39.4, "product_variant": "250 g", "quantity_info": [[250.0, "g"]], "image_url": "/media/uploads/public/389/261/368261-1a027-product_list.jpg", "unit_price_raw": "kr 157,60 per kg", "product_url": "https://kolonial.no/produkter/17911-finsbraten-lok-knacker/", "kolonial_id": "17911"},
  {"category": "Kontor", "category_list": ["Alle varer", "Husholdning og tekstil", "Kontor"], "title": "Notatblokk A5", "price": 37.4, "product_variant": "Hard plast, Assorterte farger, 1 stk", "quantity_info": [[1.0, "stk"]], "image_url": "/media/uploads/public/0/90/46090-fa3ba-product_list.jpg", "unit_price_raw": "kr 37,40 per stk", "product_url": "https://kolonial.no/produkter/14779-notatblokk-a5-hard-plast-assorterte-farger/", "kolonial_id": "14779"},
  {"category": "Kj\u00f8ttboller og karbonader", "category_list": ["Alle varer", "Kj\u00f8tt og kylling", "Kj\u00f8ttboller og karbonader"], "title": "XXL Kj\u00f8ttboller", "price": 47.41, "product_variant": "900 g", "quantity_info": [[900.0, "g"]], "image_url": "/media/uploads/public/374/184/971784-1da0a-product_list.jpg", "unit_price_raw": "kr 52,68 per kg", "product_url": "https://kolonial.no/produkter/24038-xxl-kjottboller-900g-0-9-kg/", "kolonial_id": "24038"},
  {"category": "Gr\u00f8nnsaker", "category_list": ["Alle varer", "Frukt og gr\u00f8nt", "Gr\u00f8nnsaker"], "title": "Hvitl\u00f8k", "price": 24.9, "product_variant": "\u00d8kologisk, Kina, 100 g", "quantity_info": [[100.0, "g"]], "image_url": "/media/uploads/public/160/369/560769-5acac-product_list.jpg", "unit_price_raw": "kr 249,00 per kg", "product_url": "https://kolonial.no/produkter/26408-hvitlok-okologisk-norge/", "kolonial_id": "26408"},
  {"category": "Frukt", "category_list": ["Alle varer", "Frukt og gr\u00f8nt", "Frukt"], "title": "Vannmelon", "price": 46.9, "product_variant": "Brasil, 3,3 kg", "quantity_info": [[3.3, "kg"]], "image_url": "/media/uploads/public/0/242/5842-81ca6-product_list.jpg", "unit_price_raw": "kr 14,21 per kg", "product_url": "https://kolonial.no/produkter/21523-vannmelon-brasil/", "kolonial_id": "21523"},
  {"category": "Middags-kit og gryteretter", "category_list": ["Alle varer", "Middager og tilbeh\u00f8r", "Middags-kit og gryteretter"], "title": "R\u00f8mmegr\u00f8t", "price": 24.4, "product_variant": "186 g", "quantity_info": [[186.0, "g"]], "image_url": "/media/uploads/public/362/264/965464-fdd26-product_list.jpg", "unit_price_raw": "kr 131,18 per kg", "product_url": "https://kolonial.no/produkter/691-toro-rommegrot/", "kolonial_id": "691"},
  {"category": "Ris og gryn", "category_list": ["Alle varer", "Middager og tilbeh\u00f8r", "Ris og gryn"], "title": "Jasminris", "price": 38.8, "product_variant": "4 kg", "quantity_info": [[4.0, "kg"]], "image_url": "/media/uploads/public/381/378/973578-661ac-product_list.jpg", "unit_price_raw": "kr 9,70 per kg", "product_url": "https://kolonial.no/produkter/24922-rema-1000-jasminris/", "kolonial_id": "24922"},
  {"category": "Posesauser", "category_list": ["Alle varer", "Middager og tilbeh\u00f8r", "Posesauser"], "title": "Kj\u00f8ttdeigsaus", "price": 19.9, "product_variant": "45 g", "quantity_info": [[45.0, "g"]], "image_url": "/media/uploads/public/0/180/34180-8a95a-product_list.jpg", "unit_price_raw": "kr 442,22 per kg", "product_url": "https://kolonial.no/produkter/742-toro-kjottdeigsaus/", "kolonial_id": "742"},
  {"category": "Middagstilbeh\u00f8r", "category_list": ["Alle varer", "Middager og tilbeh\u00f8r", "Middagstilbeh\u00f8r"], "title": "Pommes Noisettes", "price": 36.9, "product_variant": "600 g", "quantity_info": [[600.0, "g"]], "image_url": "/media/uploads/public/210/266/971866-a565b-product_list.jpg", "unit_price_raw": "kr 61,50 per kg", "product_url": "https://kolonial.no/produkter/24495-hoff-pommes-noisettes/", "kolonial_id": "24495"},
  {"category": "Middagstilbeh\u00f8r", "category_list": ["Alle varer", "Middager og tilbeh\u00f8r", "Middagstilbeh\u00f8r"], "title": "Rotmos, Ferdig til oppvarming", "price": 29.9, "product_variant": "Norge, 500 g", "quantity_info": [[500.0, "g"]], "image_url": "/media/uploads/public/0/385/75985-376b9-product_list.jpg", "unit_price_raw": "kr 59,80 per kg", "product_url": "https://kolonial.no/produkter/19084-rotmos-ferdig-til-oppvarming-norge/", "kolonial_id": "19084"},
  {"category": "N\u00f8tter", "category_list": ["Alle varer", "Snacks og godteri", "N\u00f8tter"], "title": "Hasseln\u00f8ttkjerner", "price": 26.4, "product_variant": "250 g", "quantity_info": [[250.0, "g"]], "image_url": "/media/uploads/public/197/301/964301-927a4-product_list.jpg", "unit_price_raw": "kr 105,60 per kg", "product_url": "https://kolonial.no/produkter/8314-rema-1000-hasselnottkjerner-250g/", "kolonial_id": "8314"},
  {"category": "N\u00f8tter", "category_list": ["Alle varer", "Snacks og godteri", "N\u00f8tter"], "title": "Mandler", "price": 29.8, "product_variant": "250 g", "quantity_info": [[250.0, "g"]], "image_url": "/media/uploads/public/252/62/964462-21f3d-product_list.jpg", "unit_price_raw": "kr 119,20 per kg", "product_url": "https://kolonial.no/produkter/8306-rema-1000-mandler-250g/", "kolonial_id": "8306"},
  {"category": "Kylling, kalkun og and", "category_list": ["Alle varer", "Kj\u00f8tt og kylling", "Kylling, kalkun og and"], "title": "Kyllinglever", "price": 55.5, "product_variant": "500 g", "quantity_info": [[500.0, "g"]], "image_url": "/media/uploads/public/133/314/971914-fe2ad-product_list.jpg", "unit_price_raw": "kr 111,00 per kg", "product_url": "https://kolonial.no/produkter/24071-prior-kyllinglever/", "kolonial_id": "24071"},
  {"category": "Bacon og tilbeh\u00f8r", "category_list": ["Alle varer", "Kj\u00f8tt og kylling", "Bacon og tilbeh\u00f8r"], "title": "Picnic Skinke", "price": 41.7, "product_variant": "325 g", "quantity_info": [[325.0, "g"]], "image_url": "/media/uploads/public/140/353/164753-c78eb-product_list.jpg", "unit_price_raw": "kr 128,31 per kg", "product_url": "https://kolonial.no/produkter/25278-stabburet-picnic-skinke/", "kolonial_id": "25278"},
  {"category": "Smoothie, yoghurt og mellomm\u00e5ltid", "category_list": ["Alle varer", "Barneprodukter", "Smoothie, yoghurt og mellomm\u00e5ltid"], "title": "Min Yoghurt Mango", "price": 17.6, "product_variant": "Fra 6 mnd, 90 g", "quantity_info": [[6.0, "mnd"], [90.0, "g"]], "image_url": "/media/uploads/public/234/322/1001522-ceb23-product_list.jpg", "unit_price_raw": "kr 195,56 per kg", "product_url": "https://kolonial.no/produkter/17374-nestle-min-yoghurt-mango-fra-6-mnd/", "kolonial_id": "17374"},
  {"category": "Smoothie, yoghurt og mellomm\u00e5ltid", "category_list": ["Alle varer", "Barneprodukter", "Smoothie, yoghurt og mellomm\u00e5ltid"], "title": "Junior 4 Frukter Smoothie", "price": 17.7, "product_variant": "110 g", "quantity_info": [[110.0, "g"]], "image_url": "/media/uploads/public/273/341/1001541-a762c-product_list.jpg", "unit_price_raw": "kr 160,91 per kg", "product_url": "https://kolonial.no/produkter/13438-nestle-junior-4-frukter-smoothie-110g/", "kolonial_id": "13438"},
  {"category": "Middagsglass", "category_list": ["Alle varer", "Barneprodukter", "Middagsglass"], "title": "Lasagne Spiseklar", "price": 20.6, "product_variant": "Fra 6 mnd, 120 g", "quantity_info": [[6.0, "mnd"], [120.0, "g"]], "image_url": "/media/uploads/public/341/96/970496-b263a-product_list.jpg", "unit_price_raw": "kr 171,67 per kg", "product_url": "https://kolonial.no/produkter/21679-semper-lasagne-spiseklar-fra-6-mnd/", "kolonial_id": "21679"},
  {"category": "Poser og folie", "category_list": ["Alle varer", "Husholdning og tekstil", "Poser og folie"], "title": "Kildesorteringsposer til matavfall", "price": 0.0, "product_variant": "Rull med 40 poser, 1 stk", "quantity_info": [[40.0, "poser"], [1.0, "stk"]], "image_url": "/media/uploads/public/0/307/8307-3d091-product_list.jpg", "unit_price_raw": "kr 0,00 per stk", "product_url": "https://kolonial.no/produkter/8208-ren-oslo-kildesorteringsposer-matavfall/", "kolonial_id": "8208"},
  {"category": "Gr\u00f8t", "category_list": ["Alle varer", "Barneprodukter", "Gr\u00f8t"], "title": "Gr\u00f8t Jordb\u00e6r & Banan", "price": 20.1, "product_variant": "Fra 6 mnd, 120 g", "quantity_info": [[6.0, "mnd"], [120.0, "g"]], "image_url": "/media/uploads/public/0/371/46771-32734-product_list.jpg", "unit_price_raw": "kr 167,50 per kg", "product_url": "https://kolonial.no/produkter/16966-semper-grot-jordbaer-banan-fra-6-mnd/", "kolonial_id": "16966"},
  {"category": "Honning og s\u00f8tp\u00e5legg", "category_list": ["Alle varer", "P\u00e5legg", "Honning og s\u00f8tp\u00e5legg"], "title": "Nutella", "price": 41.6, "product_variant": "350 g", "quantity_info": [[350.0, "g"]], "image_url": "/media/uploads/public/200/75/985275-8af3b-product_list.jpg", "unit_price_raw": "kr 118,86 per kg", "product_url": "https://kolonial.no/produkter/13174-nutella-350g/", "kolonial_id": "13174"},
  {"category": "Snus", "category_list": ["Alle varer", "Snus og tobakk", "Snus"], "title": "Onico Original WP Nikotinfri", "price": 61.9, "product_variant": "24 g", "quantity_info": [[24.0, "g"]], "image_url": "https://kolonial.no/static/products/img/placeholder.bffcea8d3530.png", "unit_price_raw": "kr 2579,17 per kg", "product_url": "https://kolonial.no/produkter/15981-onico-onico-original-wp-nikotinfri/", "kolonial_id": "15981"},
  {"category": "Snus", "category_list": ["Alle varer", "Snus og tobakk", "Snus"], "title": "General Mini White Portion", "price": 72.9, "product_variant": "10 g", "quantity_info": [[10.0, "g"]], "image_url": "https://kolonial.no/static/products/img/placeholder.bffcea8d3530.png", "unit_price_raw": "kr 7290,00 per kg", "product_url": "https://kolonial.no/produkter/13555-general-general-mini-white-portion/", "kolonial_id": "13555"},
  {"category": "Sigaretter", "category_list": ["Alle varer", "Snus og tobakk", "Sigaretter"], "title": "Lucky Strike Black Series Cold", "price": 118.9, "product_variant": "20 stk", "quantity_info": [[20.0, "stk"]], "image_url": "https://kolonial.no/static/products/img/placeholder.bffcea8d3530.png", "unit_price_raw": "kr 5,95 per stk", "product_url": "https://kolonial.no/produkter/15672-lucky-strike-lucky-strike-black-series-cold/", "kolonial_id": "15672"},
  {"category": "Salatp\u00e5legg", "category_list": ["Alle varer", "P\u00e5legg", "Salatp\u00e5legg"], "title": "Reker i Majones", "price": 32.9, "product_variant": "200 g", "quantity_info": [[200.0, "g"]], "image_url": "/media/uploads/public/38/377/971577-b1373-product_list.jpg", "unit_price_raw": "kr 164,50 per kg", "product_url": "https://kolonial.no/produkter/23893-salatmestern-reker-i-majones/", "kolonial_id": "23893"},
  {"category": "Leverpostei", "category_list": ["Alle varer", "P\u00e5legg", "Leverpostei"], "title": "Pat\u00e9 Pepper Ovnsbakt", "price": 30.6, "product_variant": "240 g", "quantity_info": [[240.0, "g"]], "image_url": "/media/uploads/public/358/323/972323-9dcbf-product_list.jpg", "unit_price_raw": "kr 127,50 per kg", "product_url": "https://kolonial.no/produkter/25180-finsbraten-pate-pepper-ovnsbakt/", "kolonial_id": "25180"},
  {"category": "Majones og tubep\u00e5legg", "category_list": ["Alle varer", "P\u00e5legg", "Majones og tubep\u00e5legg"], "title": "Polarkaviar", "price": 29.6, "product_variant": "180 g", "quantity_info": [[180.0, "g"]], "image_url": "/media/uploads/public/386/277/1007877-e2f1b-product_list.jpg", "unit_price_raw": "kr 164,44 per kg", "product_url": "https://kolonial.no/produkter/18808-mills-polarkaviar/", "kolonial_id": "18808"},
  {"category": "Majones og tubep\u00e5legg", "category_list": ["Alle varer", "P\u00e5legg", "Majones og tubep\u00e5legg"], "title": "Mills Kaviar Kuvert", "price": 599.0, "product_variant": "150 stk", "quantity_info": [[150.0, "stk"]], "image_url": "/media/uploads/public/0/348/81148-ddae9-product_list.jpg", "unit_price_raw": "kr 3,99 per stk", "product_url": "https://kolonial.no/produkter/15345-mills-mills-kaviar-kuvert-150stk/", "kolonial_id": "15345"},
  {"category": "Syltet\u00f8y", "category_list": ["Alle varer", "P\u00e5legg", "Syltet\u00f8y"], "title": "Syltet\u00f8y Jordb\u00e6r & Rabarbra", "price": 25.0, "product_variant": "\u00d8kologisk, 230 g", "quantity_info": [[230.0, "g"]], "image_url": "/media/uploads/public/33/2/644002-cc1a0-product_list.jpg", "unit_price_raw": "kr 108,70 per kg", "product_url": "https://kolonial.no/produkter/26214-kolonihagen-syltetoy-jordbaer-rabarbra-okologisk/", "kolonial_id": "26214"},
  {"category": "Kj\u00f8tt- og kyllingp\u00e5legg", "category_list": ["Alle varer", "P\u00e5legg", "Kj\u00f8tt- og kyllingp\u00e5legg"], "title": "Ekte Kokt Skinke H\u00e5ndlaget", "price": 27.6, "product_variant": "100 g", "quantity_info": [[100.0, "g"]], "image_url": "/media/uploads/public/336/21/978421-d2960-product_list.jpg", "unit_price_raw": "kr 276,00 per kg", "product_url": "https://kolonial.no/produkter/22981-finsbraten-ekte-kokt-skinke-handlaget/", "kolonial_id": "22981"},
  {"category": "Spekemat og salami", "category_list": ["Alle varer", "P\u00e5legg", "Spekemat og salami"], "title": "Favorittsalami Skivet", "price": 43.1, "product_variant": "150 g", "quantity_info": [[150.0, "g"]], "image_url": "/media/uploads/public/256/316/966716-3f92a-product_list.jpg", "unit_price_raw": "kr 287,33 per kg", "product_url": "https://kolonial.no/produkter/4621-gilde-favorittsalami-skivet-150g/", "kolonial_id": "4621"},
  {"category": "Kattemat", "category_list": ["Alle varer", "Dyremat", "Kattemat"], "title": "Sticks Strip", "price": 12.5, "product_variant": "18 g", "quantity_info": [[18.0, "g"]], "image_url": "/media/uploads/public/32/323/965923-7e11e-product_list.jpg", "unit_price_raw": "kr 694,44 per kg", "product_url": "https://kolonial.no/produkter/13912-whiskas-sticks-strip/", "kolonial_id": "13912"},
  {"category": "Kattemat", "category_list": ["Alle varer", "Dyremat", "Kattemat"], "title": "Dentabites", "price": 38.8, "product_variant": "40 g", "quantity_info": [[40.0, "g"]], "image_url": "/media/uploads/public/116/148/156148-6ffc4-product_list.jpg", "unit_price_raw": "kr 970,00 per kg", "product_url": "https://kolonial.no/produkter/25044-whiskas-dentabites/", "kolonial_id": "25044"},
  {"category": "Fl\u00f8te og r\u00f8mmeprodukter", "category_list": ["Alle varer", "Melk, meieriprodukter og egg", "Fl\u00f8te og r\u00f8mmeprodukter"], "title": "Cottage Cheese", "price": 35.9, "product_variant": "Original, 400 g", "quantity_info": [[400.0, "g"]], "image_url": "/media/uploads/public/0/261/1861-90f42-product_list.jpg", "unit_price_raw": "kr 89,75 per kg", "product_url": "https://kolonial.no/produkter/448-tine-cottage-cheese-original-400g/", "kolonial_id": "448"},
  {"category": "Yoghurt", "category_list": ["Alle varer", "Melk, meieriprodukter og egg", "Yoghurt"], "title": "Skyr Fersken & Bringeb\u00e6r", "price": 20.8, "product_variant": "160 g", "quantity_info": [[160.0, "g"]], "image_url": "/media/uploads/public/374/41/971641-37e2b-product_list.jpg", "unit_price_raw": "kr 130,00 per kg", "product_url": "https://kolonial.no/produkter/23915-q-meieriene-skyr-fersken-bringebaer/", "kolonial_id": "23915"},
  {"category": "Sm\u00f8r og margarin", "category_list": ["Alle varer", "Melk, meieriprodukter og egg", "Sm\u00f8r og margarin"], "title": "Bremykt", "price": 33.9, "product_variant": "500 g", "quantity_info": [[500.0, "g"]], "image_url": "/media/uploads/public/276/189/1002989-f746b-product_list.jpg", "unit_price_raw": "kr 67,80 per kg", "product_url": "https://kolonial.no/produkter/8252-bremykt-bremykt-520g/", "kolonial_id": "8252"},
  {"category": "Te", "category_list": ["Alle varer", "Drikkevarer", "Te"], "title": "Yellow Label", "price": 49.3, "product_variant": "50 poser, 50 stk", "quantity_info": [[50.0, "poser"], [50.0, "stk"]], "image_url": "/media/uploads/public/31/63/974063-d41f8-product_list.jpg", "unit_price_raw": "kr 0,99 per stk", "product_url": "https://kolonial.no/produkter/7753-lipton-yellow-label-50-poser/", "kolonial_id": "7753"},
  {"category": "Kaffe", "category_list": ["Alle varer", "Drikkevarer", "Kaffe"], "title": "Cafe Noir Dark Fusion", "price": 57.7, "product_variant": "Hele b\u00f8nner, 225 g", "quantity_info": [[225.0, "g"]], "image_url": "/media/uploads/public/179/349/967149-8c368-product_list.jpg", "unit_price_raw": "kr 256,44 per kg", "product_url": "https://kolonial.no/produkter/8328-friele-cafe-noir-dark-fusion-hele-bonner-225g/", "kolonial_id": "8328"},
  {"category": "Kaffe", "category_list": ["Alle varer", "Drikkevarer", "Kaffe"], "title": "Friele Fairtrade", "price": 37.1, "product_variant": "250 g", "quantity_info": [[250.0, "g"]], "image_url": "/media/uploads/public/146/336/967136-fe494-product_list.jpg", "unit_price_raw": "kr 148,40 per kg", "product_url": "https://kolonial.no/produkter/3397-friele-friele-fairtrade-250g/", "kolonial_id": "3397"},
  {"category": "Saft", "category_list": ["Alle varer", "Drikkevarer", "Saft"], "title": "Eple & plommesaft", "price": 53.5, "product_variant": "Uten Tilsatt Sukker, 0,9 l", "quantity_info": [[0.9, "l"]], "image_url": "/media/uploads/public/143/123/973723-460e0-product_list.jpg", "unit_price_raw": "kr 59,44 per l", "product_url": "https://kolonial.no/produkter/14146-lerum-eple-plommesaft-09l/", "kolonial_id": "14146"},
  {"category": "Saft", "category_list": ["Alle varer", "Drikkevarer", "Saft"], "title": "Lerum Solb\u00e6rsirup", "price": 46.2, "product_variant": "1,5 l", "quantity_info": [[1.5, "l"]], "image_url": "/media/uploads/public/353/130/973730-ce85c-product_list.jpg", "unit_price_raw": "kr 30,80 per l", "product_url": "https://kolonial.no/produkter/425-lerum-lerum-solbaersirup-15l/", "kolonial_id": "425"},
  {"category": "Smoothie", "category_list": ["Alle varer", "Drikkevarer", "Smoothie"], "title": "Bendit Smoothie", "price": 40.7, "product_variant": "Mango & Ananas, 750 ml", "quantity_info": [[750.0, "ml"]], "image_url": "/media/uploads/public/53/125/122925-c9552-product_list.jpg", "unit_price_raw": "kr 54,27 per l", "product_url": "https://kolonial.no/produkter/19756-bendit-smoothie-mango-ananas/", "kolonial_id": "19756"},
  {"category": "Juice", "category_list": ["Alle varer", "Drikkevarer", "Juice"], "title": "Original Appelsinjuice", "price": 43.1, "product_variant": "1,75 l", "quantity_info": [[1.75, "l"]], "image_url": "/media/uploads/public/350/389/968389-e8537-product_list.jpg", "unit_price_raw": "kr 24,63 per l", "product_url": "https://kolonial.no/produkter/12109-sunniva-original-appelsinjuice-175l/", "kolonial_id": "12109"},
  {"category": "Vann og mineralvann", "category_list": ["Alle varer", "Drikkevarer", "Vann og mineralvann"], "title": "Farris Lime", "price": 21.1, "product_variant": "0,5 l", "quantity_info": [[0.5, "l"]], "image_url": "/media/uploads/public/0/137/6937-7f748-product_list.jpg", "unit_price_raw": "kr 42,20 per l", "product_url": "https://kolonial.no/produkter/504-ringnes-farris-lime-0-5l/", "kolonial_id": "504"},
  {"category": "Sm\u00f8reost og prim", "category_list": ["Alle varer", "Oster", "Sm\u00f8reost og prim"], "title": "Kremost Chili & Tomat", "price": 20.0, "product_variant": "150 g", "quantity_info": [[150.0, "g"]], "image_url": "/media/uploads/public/387/68/1012868-1ddef-product_list.jpg", "unit_price_raw": "kr 133,33 per kg", "product_url": "https://kolonial.no/produkter/28099-meieriet-kremost-chili-og-tomat-150g-015-kg/", "kolonial_id": "28099"},
  {"category": "Sm\u00f8reost og prim", "category_list": ["Alle varer", "Oster", "Sm\u00f8reost og prim"], "title": "Kremoster Minimiks", "price": 33.6, "product_variant": "100 g", "quantity_info": [[100.0, "g"]], "image_url": "/media/uploads/public/371/112/188112-2cade-product_list.jpg", "unit_price_raw": "kr 336,00 per kg", "product_url": "https://kolonial.no/produkter/25273-castello-kremoster-minimiks/", "kolonial_id": "25273"},
  {"category": "Bleier", "category_list": ["Alle varer", "Barneprodukter", "Bleier"], "title": "Pampers Bleie Baby Dry Pants", "price": 78.6, "product_variant": "Str.5 12-17kg, 36 stk", "quantity_info": [[512.0, ""], [17.0, "kg"], [36.0, "stk"]], "image_url": "/media/uploads/public/33/142/973742-8599d-product_list.jpg", "unit_price_raw": "kr 2,18 per stk", "product_url": "https://kolonial.no/produkter/27653-pampers-pampers-bleie-baby-dry-pants-str5-12-17kg/", "kolonial_id": "27653"},
  {"category": "Bleier", "category_list": ["Alle varer", "Barneprodukter", "Bleier"], "title": "Pampers Bleie Baby Dry Pants", "price": 78.6, "product_variant": "Str.6 15+kg, 32 stk", "quantity_info": [[615.0, "kg"], [32.0, "stk"]], "image_url": "/media/uploads/public/12/157/973757-1a9e3-product_list.jpg", "unit_price_raw": "kr 2,46 per stk", "product_url": "https://kolonial.no/produkter/27655-pampers-pampers-bleie-baby-dry-pants-str6-15kg/", "kolonial_id": "27655"},
  {"category": "Spesialoster", "category_list": ["Alle varer", "Oster", "Spesialoster"], "title": "Castello Golden", "price": 40.5, "product_variant": "150 g", "quantity_info": [[150.0, "g"]], "image_url": "/media/uploads/public/378/366/164766-e1dd0-product_list.jpg", "unit_price_raw": "kr 270,00 per kg", "product_url": "https://kolonial.no/produkter/25234-castello-castello-golden/", "kolonial_id": "25234"},
  {"category": "Julens p\u00e5legg", "category_list": ["Alle varer", "P\u00e5legg", "Julens p\u00e5legg"], "title": "Lammerull Skivet", "price": 37.6, "product_variant": "100 g", "quantity_info": [[100.0, "g"]], "image_url": "/media/uploads/public/131/386/1001586-2b1db-product_list.jpg", "unit_price_raw": "kr 376,00 per kg", "product_url": "https://kolonial.no/produkter/25996-gilde-lammerull-skivet/", "kolonial_id": "25996"},
  {"category": "Brus", "category_list": ["Alle varer", "Drikkevarer", "Brus"], "title": "Sprite", "price": 34.8, "product_variant": "1,5 l", "quantity_info": [[1.5, "l"]], "image_url": "/media/uploads/public/375/335/973535-3828b-product_list.jpg", "unit_price_raw": "kr 23,20 per l", "product_url": "https://kolonial.no/produkter/484-sprite-1-5l/", "kolonial_id": "484"},
  {"category": "Brus", "category_list": ["Alle varer", "Drikkevarer", "Brus"], "title": "7UP", "price": 38.8, "product_variant": "1,5 l", "quantity_info": [[1.5, "l"]], "image_url": "/media/uploads/public/0/343/20743-1895f-product_list.jpg", "unit_price_raw": "kr 25,87 per l", "product_url": "https://kolonial.no/produkter/12610-ringnes-7up-15l/", "kolonial_id": "12610"},
  {"category": "Hundemat", "category_list": ["Alle varer", "Dyremat", "Hundemat"], "title": "Hundef\u00f4r Liten", "price": 74.2, "product_variant": "1,5 kg", "quantity_info": [[1.5, "kg"]], "image_url": "/media/uploads/public/94/293/971493-9b3a7-product_list.jpg", "unit_price_raw": "kr 49,47 per kg", "product_url": "https://kolonial.no/produkter/23662-vetivo-hundefor-liten/", "kolonial_id": "23662"},
  {"category": "Taco", "category_list": ["Alle varer", "Pizza og taco", "Taco"], "title": "Salsa Thick'n Chunky", "price": 32.2, "product_variant": "Medium, 340 g", "quantity_info": [[340.0, "g"]], "image_url": "/media/uploads/public/268/296/964696-34bc5-product_list.jpg", "unit_price_raw": "kr 94,71 per kg", "product_url": "https://kolonial.no/produkter/7261-old-el-paso-salsa-thickn-chunky-medium-340g/", "kolonial_id": "7261"},
  {"category": "Buljong og fond", "category_list": ["Alle varer", "Olje og krydder", "Buljong og fond"], "title": "Fond du Chef", "price": 26.7, "product_variant": "Fisk, 4x28g, 1 stk", "quantity_info": [[4.0, "x"], [28.0, "g"], [1.0, "stk"]], "image_url": "/media/uploads/public/250/166/324966-a6811-product_list.jpg", "unit_price_raw": "kr 26,70 per stk", "product_url": "https://kolonial.no/produkter/25619-knorr-fond-du-chef-fsik-4x28g/", "kolonial_id": "25619"},
  {"category": "Hjemmelaget pizza", "category_list": ["Alle varer", "Pizza og taco", "Hjemmelaget pizza"], "title": "Chorizo Sarta", "price": 66.9, "product_variant": "225 g", "quantity_info": [[225.0, "g"]], "image_url": "/media/uploads/public/181/365/966765-3a239-product_list.jpg", "unit_price_raw": "kr 297,33 per kg", "product_url": "https://kolonial.no/produkter/4426-taga-chorizo-sarta-225g/", "kolonial_id": "4426"},
  {"category": "Hjemmelaget pizza", "category_list": ["Alle varer", "Pizza og taco", "Hjemmelaget pizza"], "title": "Chorizo Topping", "price": 20.0, "product_variant": "80 g", "quantity_info": [[80.0, "g"]], "image_url": "/media/uploads/public/230/179/367379-79dc1-product_list.jpg", "unit_price_raw": "kr 250,00 per kg", "product_url": "https://kolonial.no/produkter/24966-rema-1000-chorizo-topping/", "kolonial_id": "24966"},
  {"category": "Deodorant", "category_list": ["Alle varer", "Hygieneartikler", "Deodorant"], "title": "Deo B&W Fresh Roll", "price": 41.9, "product_variant": "0,05 l", "quantity_info": [[0.05, "l"]], "image_url": "/media/uploads/public/6/79/158079-28b52-product_list.jpg", "unit_price_raw": "kr 838,00 per l", "product_url": "https://kolonial.no/produkter/25244-nivea-deo-bw-fresh-roll/", "kolonial_id": "25244"},
  {"category": "Melk", "category_list": ["Alle varer", "Melk, meieriprodukter og egg", "Melk"], "title": "Laktosefri Ekstra Lett melk", "price": 32.3, "product_variant": "1 l", "quantity_info": [[1.0, "l"]], "image_url": "/media/uploads/public/0/145/19345-766bd-product_list.jpg", "unit_price_raw": "kr 32,30 per l", "product_url": "https://kolonial.no/produkter/12196-tine-laktosefri-ekstra-lett-melk-1l/", "kolonial_id": "12196"},
  {"category": "Barbering", "category_list": ["Alle varer", "Hygieneartikler", "Barbering"], "title": "Veet H\u00e5rfjerning Wax Strips", "price": 120.4, "product_variant": "20 stk", "quantity_info": [[20.0, "stk"]], "image_url": "/media/uploads/public/137/72/188072-53344-product_list.jpg", "unit_price_raw": "kr 6,02 per stk", "product_url": "https://kolonial.no/produkter/25143-veet-veet-harfjerning-wax-strips/", "kolonial_id": "25143"},
  {"category": "Barnes\u00e5pe og babyolje", "category_list": ["Alle varer", "Shampo, s\u00e5pe og krem", "Barnes\u00e5pe og babyolje"], "title": "Magisk Klut", "price": 30.9, "product_variant": "Assortert Variant fra Star Wars, 1 stk", "quantity_info": [[1.0, "stk"]], "image_url": "/media/uploads/public/35/314/143114-29291-product_list.jpg", "unit_price_raw": "kr 30,90 per stk", "product_url": "https://kolonial.no/produkter/24315-disney-magisk-klut-assortert-variant-fra-star-wars/", "kolonial_id": "24315"},
  {"category": "Bomull og ansiktsrens", "category_list": ["Alle varer", "Hygieneartikler", "Bomull og ansiktsrens"], "title": "Papirlommet\u00f8rkle", "price": 15.8, "product_variant": "48 stk", "quantity_info": [[48.0, "stk"]], "image_url": "/media/uploads/public/167/112/296112-89b11-product_list.jpg", "unit_price_raw": "kr 0,33 per stk", "product_url": "https://kolonial.no/produkter/24972-lotus-ansiktservietter/", "kolonial_id": "24972"},
  {"category": "Krydder", "category_list": ["Alle varer", "Olje og krydder", "Krydder"], "title": "Aromat Krydder", "price": 26.9, "product_variant": "90 g", "quantity_info": [[90.0, "g"]], "image_url": "/media/uploads/public/232/338/964338-d3c05-product_list.jpg", "unit_price_raw": "kr 298,89 per kg", "product_url": "https://kolonial.no/produkter/7648-knorr-aromat-krydder-90g/", "kolonial_id": "7648"},
  {"category": "Proteinbar og m\u00fcslibar", "category_list": ["Alle varer", "Legemidler og helsekost", "Proteinbar og m\u00fcslibar"], "title": "Maxim 40% Brownie", "price": 29.5, "product_variant": "Proteinbar, 50 g", "quantity_info": [[50.0, "g"]], "image_url": "/media/uploads/public/298/233/534633-f3406-product_list.jpg", "unit_price_raw": "kr 590,00 per kg", "product_url": "https://kolonial.no/produkter/26383-maxim-maxim-40-brownie-proteinbar/", "kolonial_id": "26383"},
  {"category": "Proteinbar og m\u00fcslibar", "category_list": ["Alle varer", "Legemidler og helsekost", "Proteinbar og m\u00fcslibar"], "title": "Maxim XL Peanut", "price": 35.9, "product_variant": "Proteinbar, 82 g", "quantity_info": [[82.0, "g"]], "image_url": "/media/uploads/public/326/243/445443-cb4ca-product_list.jpg", "unit_price_raw": "kr 437,80 per kg", "product_url": "https://kolonial.no/produkter/26200-maxim-maxim-xl-peanut-proteinbar/", "kolonial_id": "26200"},
  {"category": "Bind og tamponger", "category_list": ["Alle varer", "Hygieneartikler", "Bind og tamponger"], "title": "Truseinnlegg Normal", "price": 28.8, "product_variant": "30 stk", "quantity_info": [[30.0, "stk"]], "image_url": "/media/uploads/public/206/324/372324-43b83-product_list.jpg", "unit_price_raw": "kr 0,96 per stk", "product_url": "https://kolonial.no/produkter/26033-always-truseinnlegg-normal/", "kolonial_id": "26033"},
  {"category": "Kluter, svamper og hansker", "category_list": ["Alle varer", "T\u00f8rkepapir og vaskemidler", "Kluter, svamper og hansker"], "title": "Gummihansker", "price": 16.7, "product_variant": "Medium, 2 par, 2 stk", "quantity_info": [[2.0, "par"], [2.0, "stk"]], "image_url": "/media/uploads/public/342/207/156607-7c858-product_list.jpg", "unit_price_raw": "kr 8,35 per stk", "product_url": "https://kolonial.no/produkter/5050-soft-style-gummihansker-medium-2-par/", "kolonial_id": "5050"},
  {"category": "Shampo og h\u00e5rprodukter", "category_list": ["Alle varer", "Shampo, s\u00e5pe og krem", "Shampo og h\u00e5rprodukter"], "title": "Respons Olive Shampoo", "price": 31.8, "product_variant": "250 ml", "quantity_info": [[250.0, "ml"]], "image_url": "/media/uploads/public/124/95/971295-7c088-product_list.jpg", "unit_price_raw": "kr 127,20 per l", "product_url": "https://kolonial.no/produkter/23388-garnier-respons-olive-shampoo/", "kolonial_id": "23388"},
  {"category": "Krem", "category_list": ["Alle varer", "Shampo, s\u00e5pe og krem", "Krem"], "title": "Leppepomade Tube", "price": 37.0, "product_variant": "1 stk", "quantity_info": [[1.0, "stk"]], "image_url": "/media/uploads/public/331/77/966077-d0741-product_list.jpg", "unit_price_raw": "kr 37,00 per stk", "product_url": "https://kolonial.no/produkter/15489-carmex-leppepomade-tube/", "kolonial_id": "15489"},
  {"category": "Krem", "category_list": ["Alle varer", "Shampo, s\u00e5pe og krem", "Krem"], "title": "Lip Hydro Care", "price": 29.1, "product_variant": "1 stk", "quantity_info": [[1.0, "stk"]], "image_url": "/media/uploads/public/49/322/609522-4629e-product_list.jpg", "unit_price_raw": "kr 29,10 per stk", "product_url": "https://kolonial.no/produkter/16155-nivea-lip-hydro-care/", "kolonial_id": "16155"},
  {"category": "Gulost", "category_list": ["Alle varer", "Oster", "Gulost"], "title": "Norvegia Vellagret m/skorpe", "price": 84.1, "product_variant": "9 mnd, ca. 540 g", "quantity_info": [[9.0, "mndca"], [540.0, "g"]], "image_url": "/media/uploads/public/235/328/973128-3e8ab-product_list.jpg", "unit_price_raw": "kr 155,74 per kg", "product_url": "https://kolonial.no/produkter/2023-tine-norvegia-vellagret-mskorpe-9-mnd/", "kolonial_id": "2023"},
  {"category": "Oppvask", "category_list": ["Alle varer", "T\u00f8rkepapir og vaskemidler", "Oppvask"], "title": "Design Oppvaskb\u00f8rste", "price": 39.0, "product_variant": "Assortert Design, 1 stk", "quantity_info": [[1.0, "stk"]], "image_url": "/media/uploads/public/193/64/373264-d19bd-product_list.jpg", "unit_price_raw": "kr 39,00 per stk", "product_url": "https://kolonial.no/produkter/26047-jordan-design-oppvaskborste-assortert-design/", "kolonial_id": "26047"},
  {"category": "Fryst pizza", "category_list": ["Alle varer", "Pizza og taco", "Fryst pizza"], "title": "Ristorante Sjokoladepizza", "price": 50.7, "product_variant": "300 g", "quantity_info": [[300.0, "g"]], "image_url": "/media/uploads/public/101/332/972732-d9e6b-product_list.jpg", "unit_price_raw": "kr 169,00 per kg", "product_url": "https://kolonial.no/produkter/26612-dr-oetker-ristorante-sjokoladepizza/", "kolonial_id": "26612"},
  {"category": "Tannpleie", "category_list": ["Alle varer", "Hygieneartikler", "Tannpleie"], "title": "Tannb\u00f8rste Individual Reach", "price": 40.2, "product_variant": "Medium, Assortert Design, 1 stk", "quantity_info": [[1.0, "stk"]], "image_url": "/media/uploads/public/83/92/964892-10e08-product_list.jpg", "unit_price_raw": "kr 40,20 per stk", "product_url": "https://kolonial.no/produkter/7018-jordan-tannborste-individual-reach-medium-assorter/", "kolonial_id": "7018"},
  {"category": "Vaskemidler", "category_list": ["Alle varer", "T\u00f8rkepapir og vaskemidler", "Vaskemidler"], "title": "Universalrengj\u00f8ring Sitron", "price": 27.7, "product_variant": "1 l", "quantity_info": [[1.0, "l"]], "image_url": "/media/uploads/public/166/184/966184-bd3d7-product_list.jpg", "unit_price_raw": "kr 27,70 per l", "product_url": "https://kolonial.no/produkter/8724-rema-1000-universalrengjoring-sitron-1l/", "kolonial_id": "8724"},
  {"category": "Frossen fisk og sj\u00f8mat", "category_list": ["Alle varer", "Fisk og sj\u00f8mat", "Frossen fisk og sj\u00f8mat"], "title": "Torsk Blokk", "price": 39.9, "product_variant": "400 g", "quantity_info": [[400.0, "g"]], "image_url": "/media/uploads/public/14/130/969330-803ae-product_list.jpg", "unit_price_raw": "kr 99,75 per kg", "product_url": "https://kolonial.no/produkter/4120-norway-seafoods-torsk-blokk-400g/", "kolonial_id": "4120"},
  {"category": "Hermetisert sj\u00f8mat", "category_list": ["Alle varer", "Fisk og sj\u00f8mat", "Hermetisert sj\u00f8mat"], "title": "Gjestgiversild", "price": 46.3, "product_variant": "600 g", "quantity_info": [[600.0, "g"]], "image_url": "/media/uploads/public/120/208/133408-d1213-product_list.jpg", "unit_price_raw": "kr 77,17 per kg", "product_url": "https://kolonial.no/produkter/23734-sildakongen-gjestgiversild/", "kolonial_id": "23734"},
  {"category": "Klesvask", "category_list": ["Alle varer", "T\u00f8rkepapir og vaskemidler", "Klesvask"], "title": "Blenda Sensitive T\u00f8yvaskemiddel", "price": 48.4, "product_variant": "Flytende, 595 ml", "quantity_info": [[595.0, "ml"]], "image_url": "/media/uploads/public/334/197/967797-89498-product_list.jpg", "unit_price_raw": "kr 81,34 per l", "product_url": "https://kolonial.no/produkter/1519-blenda-blenda-sensitive-toyvaskemiddel-flytende-59/", "kolonial_id": "1519"},
  {"category": "Klesvask", "category_list": ["Alle varer", "T\u00f8rkepapir og vaskemidler", "Klesvask"], "title": "Omo Ultra Hvitt", "price": 53.4, "product_variant": "Flytende, 595 ml", "quantity_info": [[595.0, "ml"]], "image_url": "/media/uploads/public/275/376/996376-86c4f-product_list.jpg", "unit_price_raw": "kr 89,75 per l", "product_url": "https://kolonial.no/produkter/1273-omo-omo-ultra-hvitt-flytende/", "kolonial_id": "1273"},
  {"category": "R\u00f8kt og gravet fisk", "category_list": ["Alle varer", "Fisk og sj\u00f8mat", "R\u00f8kt og gravet fisk"], "title": "SALMA Kaldr\u00f8kt laks", "price": 99.0, "product_variant": "150 g", "quantity_info": [[150.0, "g"]], "image_url": "/media/uploads/public/291/12/983212-75d61-product_list.jpg", "unit_price_raw": "kr 660,00 per kg", "product_url": "https://kolonial.no/produkter/27925-salma-salma-kaldrokt-laks/", "kolonial_id": "27925"},
  {"category": "Oljer og dressinger", "category_list": ["Alle varer", "Olje og krydder", "Oljer og dressinger"], "title": "Solsikkeolje", "price": 18.4, "product_variant": "1 l", "quantity_info": [[1.0, "l"]], "image_url": "/media/uploads/public/0/154/99754-15fe9-product_list.jpg", "unit_price_raw": "kr 18,40 per l", "product_url": "https://kolonial.no/produkter/22321-coroli-solsikkeolje/", "kolonial_id": "22321"},
  {"category": "Ferdigmikser", "category_list": ["Alle varer", "Mel og bakeingredienser", "Ferdigmikser"], "title": "Havrebr\u00f8d 1-2-3", "price": 25.7, "product_variant": "1 kg", "quantity_info": [[1.0, "kg"]], "image_url": "/media/uploads/public/394/387/967987-a9452-product_list.jpg", "unit_price_raw": "kr 25,70 per kg", "product_url": "https://kolonial.no/produkter/6424-mollerens-havrebrod-1-2-3-1kg/", "kolonial_id": "6424"},
  {"category": "Tyggis og pastiller", "category_list": ["Alle varer", "Snacks og godteri", "Tyggis og pastiller"], "title": "Fisherman's Friend", "price": 20.6, "product_variant": "Original, 20 g", "quantity_info": [[20.0, "g"]], "image_url": "/media/uploads/public/74/64/985264-c08a4-product_list.jpg", "unit_price_raw": "kr 1030,00 per kg", "product_url": "https://kolonial.no/produkter/271-fishermans-friend-original/", "kolonial_id": "271"},
  {"category": "Tyggis og pastiller", "category_list": ["Alle varer", "Snacks og godteri", "Tyggis og pastiller"], "title": "Extra Ice", "price": 15.9, "product_variant": "14 g", "quantity_info": [[14.0, "g"]], "image_url": "/media/uploads/public/10/168/965768-70ea8-product_list.jpg", "unit_price_raw": "kr 1135,71 per kg", "product_url": "https://kolonial.no/produkter/5920-extra-extra-ice/", "kolonial_id": "5920"},
  {"category": "Frokostblandinger og gryn", "category_list": ["Alle varer", "Br\u00f8d og frokostblandinger", "Frokostblandinger og gryn"], "title": "Supergranola Kakao & B\u00e6r", "price": 43.0, "product_variant": "450 g", "quantity_info": [[450.0, "g"]], "image_url": "/media/uploads/public/49/153/973353-c7859-product_list.jpg", "unit_price_raw": "kr 95,56 per kg", "product_url": "https://kolonial.no/produkter/27351-bare-bra-supergranola-kakao-baer/", "kolonial_id": "27351"},
  {"category": "Frokostblandinger og gryn", "category_list": ["Alle varer", "Br\u00f8d og frokostblandinger", "Frokostblandinger og gryn"], "title": "Ovnsristet Superm\u00fcsli Bringeb\u00e6r & Hassel", "price": 43.9, "product_variant": "Bringeb\u00e6r & Hasseln\u00f8tt, 350 g", "quantity_info": [[350.0, "g"]], "image_url": "/media/uploads/public/112/98/973298-87799-product_list.jpg", "unit_price_raw": "kr 125,43 per kg", "product_url": "https://kolonial.no/produkter/27350-bare-bra-ovnsristet-supermusli-bringebaer-hassel-b/", "kolonial_id": "27350"},
  {"category": "Supper", "category_list": ["Alle varer", "Middager og tilbeh\u00f8r", "Supper"], "title": "Lofoten fiskesuppe", "price": 23.2, "product_variant": "70 g", "quantity_info": [[70.0, "g"]], "image_url": "/media/uploads/public/146/184/967384-763d1-product_list.jpg", "unit_price_raw": "kr 331,43 per kg", "product_url": "https://kolonial.no/produkter/754-toro-lofoten-fiskesuppe/", "kolonial_id": "754"},
  {"category": "Knekkebr\u00f8d", "category_list": ["Alle varer", "Br\u00f8d og frokostblandinger", "Knekkebr\u00f8d"], "title": "Sandwich Hummus", "price": 13.6, "product_variant": "32 g", "quantity_info": [[32.0, "g"]], "image_url": "/media/uploads/public/344/116/964116-53bbf-product_list.jpg", "unit_price_raw": "kr 425,00 per kg", "product_url": "https://kolonial.no/produkter/26607-wasa-sandwich-hummus/", "kolonial_id": "26607"},
  {"category": "Langtidsholdbare br\u00f8d", "category_list": ["Alle varer", "Br\u00f8d og frokostblandinger", "Langtidsholdbare br\u00f8d"], "title": "Pitabr\u00f8d", "price": 23.2, "product_variant": "6 stk", "quantity_info": [[6.0, "stk"]], "image_url": "/media/uploads/public/388/213/156613-894e0-product_list.jpg", "unit_price_raw": "kr 3,87 per stk", "product_url": "https://kolonial.no/produkter/8572-rema-1000-pitabrod-6-pk/", "kolonial_id": "8572"},
  {"category": "Pasta og nudler", "category_list": ["Alle varer", "Middager og tilbeh\u00f8r", "Pasta og nudler"], "title": "Fusilli", "price": 12.9, "product_variant": "500 g", "quantity_info": [[500.0, "g"]], "image_url": "/media/uploads/public/288/238/966238-f3ca9-product_list.jpg", "unit_price_raw": "kr 25,80 per kg", "product_url": "https://kolonial.no/produkter/8688-rema-1000-fusilli-500g/", "kolonial_id": "8688"},
  {"category": "Hermetisert frukt og gr\u00f8nt", "category_list": ["Alle varer", "Frukt og gr\u00f8nt", "Hermetisert frukt og gr\u00f8nt"], "title": "Husholdningserter", "price": 14.8, "product_variant": "410 g", "quantity_info": [[410.0, "g"]], "image_url": "/media/uploads/public/60/289/965089-2fb99-product_list.jpg", "unit_price_raw": "kr 36,10 per kg", "product_url": "https://kolonial.no/produkter/8772-rema-1000-husholdningserter-410g/", "kolonial_id": "8772"},
  {"category": "Hermetisert frukt og gr\u00f8nt", "category_list": ["Alle varer", "Frukt og gr\u00f8nt", "Hermetisert frukt og gr\u00f8nt"], "title": "Erter & Gulr\u00f8tter", "price": 12.8, "product_variant": "250 g", "quantity_info": [[250.0, "g"]], "image_url": "/media/uploads/public/251/258/968658-c601b-product_list.jpg", "unit_price_raw": "kr 51,20 per kg", "product_url": "https://kolonial.no/produkter/16302-rema-1000-erter-gulrotter/", "kolonial_id": "16302"},
  {"category": "Diverse husholdning", "category_list": ["Alle varer", "Husholdning og tekstil", "Diverse husholdning"], "title": "Klesklyper", "price": 47.4, "product_variant": "20 stk", "quantity_info": [[20.0, "stk"]], "image_url": "/media/uploads/public/0/376/45976-e8008-product_list.jpg", "unit_price_raw": "kr 2,37 per stk", "product_url": "https://kolonial.no/produkter/14914-klesklyper/", "kolonial_id": "14914"},
  {"category": "Diverse husholdning", "category_list": ["Alle varer", "Husholdning og tekstil", "Diverse husholdning"], "title": "Klesrulle Mini", "price": 30.9, "product_variant": "1 stk", "quantity_info": [[1.0, "stk"]], "image_url": "/media/uploads/public/0/379/45979-db1dc-product_list.jpg", "unit_price_raw": "kr 30,90 per stk", "product_url": "https://kolonial.no/produkter/14917-klesrulle-mini/", "kolonial_id": "14917"},
  {"category": "Ferdige middagsretter", "category_list": ["Alle varer", "Middager og tilbeh\u00f8r", "Ferdige middagsretter"], "title": "R\u00f8mmegraut", "price": 56.4, "product_variant": "900 g", "quantity_info": [[900.0, "g"]], "image_url": "/media/uploads/public/233/209/966609-cf9de-product_list.jpg", "unit_price_raw": "kr 62,67 per kg", "product_url": "https://kolonial.no/produkter/4714-nordfjord-rommegraut/", "kolonial_id": "4714"},
  {"category": "Ferdigsauser", "category_list": ["Alle varer", "Middager og tilbeh\u00f8r", "Ferdigsauser"], "title": "Peppersaus", "price": 20.0, "product_variant": "250 ml", "quantity_info": [[250.0, "ml"]], "image_url": "/media/uploads/public/182/53/693253-148b0-product_list.jpg", "unit_price_raw": "kr 80,00 per l", "product_url": "https://kolonial.no/produkter/18166-stanges-gardsprodukter-peppersaus/", "kolonial_id": "18166"},
  {"category": "P\u00f8lser", "category_list": ["Alle varer", "Kj\u00f8tt og kylling", "P\u00f8lser"], "title": "Grillp\u00f8lse", "price": 34.0, "product_variant": "560 g", "quantity_info": [[560.0, "g"]], "image_url": "/media/uploads/public/191/195/718995-e1e10-product_list.jpg", "unit_price_raw": "kr 60,71 per kg", "product_url": "https://kolonial.no/produkter/4639-nordfjord-grillpolse/", "kolonial_id": "4639"},
  {"category": "Kontor", "category_list": ["Alle varer", "Husholdning og tekstil", "Kontor"], "title": "Konvolutter C4", "price": 23.3, "product_variant": "Brun, 5 stk", "quantity_info": [[5.0, "stk"]], "image_url": "/media/uploads/public/0/276/23476-a0d27-product_list.jpg", "unit_price_raw": "kr 4,66 per stk", "product_url": "https://kolonial.no/produkter/11623-konvolutter-c4-brun-5-stk/", "kolonial_id": "11623"},
  {"category": "Kontor", "category_list": ["Alle varer", "Husholdning og tekstil", "Kontor"], "title": "Konvolutter C5", "price": 27.8, "product_variant": "Hvit, 10 stk", "quantity_info": [[10.0, "stk"]], "image_url": "/media/uploads/public/0/282/23482-cc666-product_list.jpg", "unit_price_raw": "kr 2,78 per stk", "product_url": "https://kolonial.no/produkter/10292-konvolutter-c5-hvit/", "kolonial_id": "10292"},
  {"category": "Fr\u00f8, n\u00f8tter og t\u00f8rket frukt", "category_list": ["Alle varer", "Frukt og gr\u00f8nt", "Fr\u00f8, n\u00f8tter og t\u00f8rket frukt"], "title": "Pistasjn\u00f8tter", "price": 37.5, "product_variant": "175 g", "quantity_info": [[175.0, "g"]], "image_url": "/media/uploads/public/86/247/969447-90c7c-product_list.jpg", "unit_price_raw": "kr 214,29 per kg", "product_url": "https://kolonial.no/produkter/18232-rema-1000-pistasjnotter/", "kolonial_id": "18232"},
  {"category": "Kj\u00f8kkenredskap", "category_list": ["Alle varer", "Husholdning og tekstil", "Kj\u00f8kkenredskap"], "title": "Saks m/Softgrip", "price": 25.3, "product_variant": "1 stk", "quantity_info": [[1.0, "stk"]], "image_url": "/media/uploads/public/44/366/973566-add16-product_list.jpg", "unit_price_raw": "kr 25,30 per stk", "product_url": "https://kolonial.no/produkter/22684-saks-mes-softgrip/", "kolonial_id": "22684"},
  {"category": "Gr\u00f8nnsaker", "category_list": ["Alle varer", "Frukt og gr\u00f8nt", "Gr\u00f8nnsaker"], "title": "Sjalottl\u00f8k", "price": 15.2, "product_variant": "I nett, Frankrike, 200 g", "quantity_info": [[200.0, "g"]], "image_url": "/media/uploads/public/0/168/11768-3c453-product_list.jpg", "unit_price_raw": "kr 76,00 per kg", "product_url": "https://kolonial.no/produkter/9218-sjalottlok-i-nett-frankrike/", "kolonial_id": "9218"},
  {"category": "Frukt", "category_list": ["Alle varer", "Frukt og gr\u00f8nt", "Frukt"], "title": "Honningmelon", "price": 29.2, "product_variant": "Spania, 1 stk", "quantity_info": [[1.0, "stk"]], "image_url": "/media/uploads/public/0/77/12077-b0048-product_list.jpg", "unit_price_raw": "kr 26,55 per kg", "product_url": "https://kolonial.no/produkter/9335-honningmelon-spania/", "kolonial_id": "9335"},
  {"category": "Middags-kit og gryteretter", "category_list": ["Alle varer", "Middager og tilbeh\u00f8r", "Middags-kit og gryteretter"], "title": "Gr\u00f8tris", "price": 27.9, "product_variant": "Familiepakning, 800 g", "quantity_info": [[800.0, "g"]], "image_url": "/media/uploads/public/318/54/968454-4731e-product_list.jpg", "unit_price_raw": "kr 34,88 per kg", "product_url": "https://kolonial.no/produkter/14356-ming-grotris-familiepakning-800g/", "kolonial_id": "14356"},
  {"category": "Ris og gryn", "category_list": ["Alle varer", "Middager og tilbeh\u00f8r", "Ris og gryn"], "title": "Fullkornris", "price": 25.7, "product_variant": "Boil-in-bag, 4 poser, 480 g", "quantity_info": [[4.0, "poser"], [480.0, "g"]], "image_url": "/media/uploads/public/220/185/324985-22ba1-product_list.jpg", "unit_price_raw": "kr 53,54 per kg", "product_url": "https://kolonial.no/produkter/25635-toro-fullkornris-boil-bag-4-poser/", "kolonial_id": "25635"},
  {"category": "Posesauser", "category_list": ["Alle varer", "Middager og tilbeh\u00f8r", "Posesauser"], "title": "Spaghettisaus Original", "price": 18.1, "product_variant": "52,5 g", "quantity_info": [[52.5, "g"]], "image_url": "/media/uploads/public/395/120/967720-2e286-product_list.jpg", "unit_price_raw": "kr 344,76 per kg", "product_url": "https://kolonial.no/produkter/14407-toro-spaghettisaus-original-525g/", "kolonial_id": "14407"},
  {"category": "N\u00f8tter", "category_list": ["Alle varer", "Snacks og godteri", "N\u00f8tter"], "title": "Hasseln\u00f8tter", "price": 68.9, "product_variant": "\u00d8kologisk, 150 g", "quantity_info": [[150.0, "g"]], "image_url": "/media/uploads/public/0/172/2572-83d9a-product_list.jpg", "unit_price_raw": "kr 459,33 per kg", "product_url": "https://kolonial.no/produkter/2209-helios-hasselnotter-okologisk/", "kolonial_id": "2209"},
  {"category": "Bacon og tilbeh\u00f8r", "category_list": ["Alle varer", "Kj\u00f8tt og kylling", "Bacon og tilbeh\u00f8r"], "title": "Sm\u00e5rettskinke Topping", "price": 20.0, "product_variant": "80 g", "quantity_info": [[80.0, "g"]], "image_url": "/media/uploads/public/44/111/296111-6e659-product_list.jpg", "unit_price_raw": "kr 250,00 per kg", "product_url": "https://kolonial.no/produkter/24968-rema-1000-smarettskinke-topping/", "kolonial_id": "24968"},
  {"category": "Smoothie, yoghurt og mellomm\u00e5ltid", "category_list": ["Alle varer", "Barneprodukter", "Smoothie, yoghurt og mellomm\u00e5ltid"], "title": "Barnemat Sviske", "price": 17.3, "product_variant": "Fra 4 mnd, 70 g", "quantity_info": [[4.0, "mnd"], [70.0, "g"]], "image_url": "/media/uploads/public/302/167/967367-f5782-product_list.jpg", "unit_price_raw": "kr 247,14 per kg", "product_url": "https://kolonial.no/produkter/10007-ellas-kitchen-barnemat-sviske-fra-4-mnd-70g/", "kolonial_id": "10007"},
  {"category": "Middagsglass", "category_list": ["Alle varer", "Barneprodukter", "Middagsglass"], "title": "Spaghetti Bolognese Spiseklar", "price": 19.6, "product_variant": "Fra 6 mnd, 120 g", "quantity_info": [[6.0, "mnd"], [120.0, "g"]], "image_url": "/media/uploads/public/254/105/970505-56f78-product_list.jpg", "unit_price_raw": "kr 163,33 per kg", "product_url": "https://kolonial.no/produkter/21694-semper-spaghetti-bolognese-spiseklar-fra-6-mnd/", "kolonial_id": "21694"},
  {"category": "Poser og folie", "category_list": ["Alle varer", "Husholdning og tekstil", "Poser og folie"], "title": "Kildesorteringsposer til plastemballasje", "price": 0.0, "product_variant": "Rull med 20 poser, 1 stk", "quantity_info": [[20.0, "poser"], [1.0, "stk"]], "image_url": "/media/uploads/public/0/313/8313-b53cc-product_list.jpg", "unit_price_raw": "kr 0,00 per stk", "product_url": "https://kolonial.no/produkter/8211-ren-oslo-kildesorteringsposer-plast/", "kolonial_id": "8211"},
  {"category": "Poser og folie", "category_list": ["Alle varer", "Husholdning og tekstil", "Poser og folie"], "title": "Biobag Komposterbare Poser", "price": 29.2, "product_variant": "10l, 20 stk", "quantity_info": [[10.0, "l"], [20.0, "stk"]], "image_url": "/media/uploads/public/0/365/94765-e87ad-product_list.jpg", "unit_price_raw": "kr 1,46 per stk", "product_url": "https://kolonial.no/produkter/21850-biobag-komposterbare-poser-10l/", "kolonial_id": "21850"},
  {"category": "Gr\u00f8t", "category_list": ["Alle varer", "Barneprodukter", "Gr\u00f8t"], "title": "Gr\u00f8t P\u00e6re & Aprikos", "price": 20.1, "product_variant": "Fra 6 mnd, 120 g", "quantity_info": [[6.0, "mnd"], [120.0, "g"]], "image_url": "/media/uploads/public/0/365/46765-6a7e5-product_list.jpg", "unit_price_raw": "kr 167,50 per kg", "product_url": "https://kolonial.no/produkter/16960-semper-grot-paere-aprikos-fra-6-mnd/", "kolonial_id": "16960"},
  {"category": "Honning og s\u00f8tp\u00e5legg", "category_list": ["Alle varer", "P\u00e5legg", "Honning og s\u00f8tp\u00e5legg"], "title": "Nugatti Air", "price": 32.6, "product_variant": "340 g", "quantity_info": [[340.0, "g"]], "image_url": "/media/uploads/public/166/34/965234-49305-product_list.jpg", "unit_price_raw": "kr 95,88 per kg", "product_url": "https://kolonial.no/produkter/2362-stabburet-nugatti-air/", "kolonial_id": "2362"},
  {"category": "Snus", "category_list": ["Alle varer", "Snus og tobakk", "Snus"], "title": "Snus Skruf Polar #3", "price": 92.9, "product_variant": "Stark White Slim, 22 g", "quantity_info": [[22.0, "g"]], "image_url": "https://kolonial.no/static/products/img/placeholder.bffcea8d3530.png", "unit_price_raw": "kr 4222,73 per kg", "product_url": "https://kolonial.no/produkter/3919-skruf-snus-skruf-polar-3-stark-white-slim/", "kolonial_id": "3919"},
  {"category": "Sigaretter", "category_list": ["Alle varer", "Snus og tobakk", "Sigaretter"], "title": "Marlboro Gold", "price": 119.9, "product_variant": "20 stk", "quantity_info": [[20.0, "stk"]], "image_url": "https://kolonial.no/static/products/img/placeholder.bffcea8d3530.png", "unit_price_raw": "kr 6,00 per stk", "product_url": "https://kolonial.no/produkter/15570-marlboro-marlboro-gold/", "kolonial_id": "15570"},
  {"category": "Sigaretter", "category_list": ["Alle varer", "Snus og tobakk", "Sigaretter"], "title": "Marlboro Gold 100", "price": 124.9, "product_variant": "20 stk", "quantity_info": [[20.0, "stk"]], "image_url": "https://kolonial.no/static/products/img/placeholder.bffcea8d3530.png", "unit_price_raw": "kr 6,25 per stk", "product_url": "https://kolonial.no/produkter/15549-marlboro-marlboro-gold-100/", "kolonial_id": "15549"},
  {"category": "Salatp\u00e5legg", "category_list": ["Alle varer", "P\u00e5legg", "Salatp\u00e5legg"], "title": "Reke & Krepse Salat", "price": 31.9, "product_variant": "180 g", "quantity_info": [[180.0, "g"]], "image_url": "/media/uploads/public/22/175/692575-2cdbf-product_list.jpg", "unit_price_raw": "kr 177,22 per kg", "product_url": "https://kolonial.no/produkter/27322-delikat-reke-krepse-salat/", "kolonial_id": "27322"},
  {"category": "Leverpostei", "category_list": ["Alle varer", "P\u00e5legg", "Leverpostei"], "title": "Postei med Solt\u00f8rket Tomat", "product_variant": "125 g", "discounted_price": 13.35, "undiscounted_price": 26.7, "quantity_info": [[125.0, "g"]], "discount_raw": "-50%", "image_url": "/media/uploads/public/146/361/145561-cd782-product_list.jpg", "unit_price_raw": "kr 106,80 per kg", "product_url": "https://kolonial.no/produkter/24442-melbukaviar-postei-med-soltroket-tomat/", "kolonial_id": "24442", "price": 13.35},
  {"category": "Majones og tubep\u00e5legg", "category_list": ["Alle varer", "P\u00e5legg", "Majones og tubep\u00e5legg"], "title": "Tartex Postei Naturell", "price": 52.4, "product_variant": "\u00d8kologisk, Vegetar, 200 g", "quantity_info": [[200.0, "g"]], "image_url": "/media/uploads/public/255/63/971663-e1d89-product_list.jpg", "unit_price_raw": "kr 262,00 per kg", "product_url": "https://kolonial.no/produkter/23906-tartex-postei-naturell-okologisk-vegetar/", "kolonial_id": "23906"},
  {"category": "Syltet\u00f8y", "category_list": ["Alle varer", "P\u00e5legg", "Syltet\u00f8y"], "title": "Syltet\u00f8y Solb\u00e6r", "price": 29.6, "product_variant": "\u00d8kologisk, 230 g", "quantity_info": [[230.0, "g"]], "image_url": "/media/uploads/public/71/0/644000-d5c6e-product_list.jpg", "unit_price_raw": "kr 128,70 per kg", "product_url": "https://kolonial.no/produkter/26213-kolonihagen-syltetoy-solbaer-okologisk/", "kolonial_id": "26213"},
  {"category": "Fiskep\u00e5legg", "category_list": ["Alle varer", "P\u00e5legg", "Fiskep\u00e5legg"], "title": "Delikat Sei", "price": 55.5, "product_variant": "150 g", "quantity_info": [[150.0, "g"]], "image_url": "/media/uploads/public/232/85/1004085-ced77-product_list.jpg", "unit_price_raw": "kr 370,00 per kg", "product_url": "https://kolonial.no/produkter/17866-delikat-delikat-sei/", "kolonial_id": "17866"},
  {"category": "Spekemat og salami", "category_list": ["Alle varer", "P\u00e5legg", "Spekemat og salami"], "title": "Favorittsalami Minis", "price": 40.8, "product_variant": "130 g", "quantity_info": [[130.0, "g"]], "image_url": "/media/uploads/public/396/225/374225-342da-product_list.jpg", "unit_price_raw": "kr 313,85 per kg", "product_url": "https://kolonial.no/produkter/25973-gilde-favorittsalami-minis/", "kolonial_id": "25973"},
  {"category": "Kattemat", "category_list": ["Alle varer", "Dyremat", "Kattemat"], "title": "Whiskas Kylling i Saus", "price": 18.1, "product_variant": "0,4 kg", "quantity_info": [[0.4, "kg"]], "image_url": "/media/uploads/public/135/347/969947-ecf7f-product_list.jpg", "unit_price_raw": "kr 45,25 per kg", "product_url": "https://kolonial.no/produkter/19558-whiskas-whiskas-kylling-i-saus/", "kolonial_id": "19558"},
  {"category": "Fl\u00f8te og r\u00f8mmeprodukter", "category_list": ["Alle varer", "Melk, meieriprodukter og egg", "Fl\u00f8te og r\u00f8mmeprodukter"], "title": "Cottage Cheese", "price": 27.8, "product_variant": "Mager, 400 g", "quantity_info": [[400.0, "g"]], "image_url": "/media/uploads/public/0/244/2644-7ef25-product_list.jpg", "unit_price_raw": "kr 69,50 per kg", "product_url": "https://kolonial.no/produkter/2224-tine-cottage-cheese-mager-420g/", "kolonial_id": "2224"},
  {"category": "Yoghurt", "category_list": ["Alle varer", "Melk, meieriprodukter og egg", "Yoghurt"], "title": "Byggrynslunsj med Bringeb\u00e6r", "price": 15.8, "product_variant": "150 g", "quantity_info": [[150.0, "g"]], "image_url": "/media/uploads/public/129/135/138935-d7984-product_list.jpg", "unit_price_raw": "kr 105,33 per kg", "product_url": "https://kolonial.no/produkter/13177-fjordland-byggrynslunsj-med-bringebaer-150g/", "kolonial_id": "13177"},
  {"category": "Yoghurt", "category_list": ["Alle varer", "Melk, meieriprodukter og egg", "Yoghurt"], "title": "Byggrynslunsj med Bl\u00e5b\u00e6r", "price": 18.1, "product_variant": "150 g", "quantity_info": [[150.0, "g"]], "image_url": "/media/uploads/public/263/130/138930-ad508-product_list.jpg", "unit_price_raw": "kr 120,67 per kg", "product_url": "https://kolonial.no/produkter/13657-fjordland-byggrynslunsj-med-blabaer-150g/", "kolonial_id": "13657"},
  {"category": "Sm\u00f8r og margarin", "category_list": ["Alle varer", "Melk, meieriprodukter og egg", "Sm\u00f8r og margarin"], "title": "R\u00f8ros Sm\u00f8r", "price": 43.9, "product_variant": "\u00d8kologisk, 250 g", "quantity_info": [[250.0, "g"]], "image_url": "/media/uploads/public/33/198/973398-f9e7d-product_list.jpg", "unit_price_raw": "kr 175,60 per kg", "product_url": "https://kolonial.no/produkter/24240-rorosmeieriet-roros-smor-okologisk-okologisk/", "kolonial_id": "24240"},
  {"category": "Te", "category_list": ["Alle varer", "Drikkevarer", "Te"], "title": "Earl Grey", "price": 82.8, "product_variant": "L\u00f8svekt, 200 g", "quantity_info": [[200.0, "g"]], "image_url": "/media/uploads/public/194/163/968563-73b61-product_list.jpg", "unit_price_raw": "kr 414,00 per kg", "product_url": "https://kolonial.no/produkter/16161-twinings-earl-grey-losvekt/", "kolonial_id": "16161"},
  {"category": "Te", "category_list": ["Alle varer", "Drikkevarer", "Te"], "title": "Lady Grey", "price": 95.9, "product_variant": "L\u00f8svekt, 200 g", "quantity_info": [[200.0, "g"]], "image_url": "/media/uploads/public/109/100/663700-4bddb-product_list.jpg", "unit_price_raw": "kr 479,50 per kg", "product_url": "https://kolonial.no/produkter/27190-twinings-lady-grey-losvekt/", "kolonial_id": "27190"},
  {"category": "Kaffe", "category_list": ["Alle varer", "Drikkevarer", "Kaffe"], "title": "Caf\u00e9 Noir DF", "price": 37.1, "product_variant": "Filtermalt, 250 g", "quantity_info": [[250.0, "g"]], "image_url": "/media/uploads/public/143/18/967218-59790-product_list.jpg", "unit_price_raw": "kr 148,40 per kg", "product_url": "https://kolonial.no/produkter/14155-friele-cafe-noir-df-filtermalt-250g/", "kolonial_id": "14155"},
  {"category": "Saft", "category_list": ["Alle varer", "Drikkevarer", "Saft"], "title": "Solb\u00e6rsirup", "price": 23.2, "product_variant": "0,75 l", "quantity_info": [[0.75, "l"]], "image_url": "/media/uploads/public/186/15/974015-8dbd0-product_list.jpg", "unit_price_raw": "kr 30,93 per l", "product_url": "https://kolonial.no/produkter/6712-lerum-solbaersirup-07/", "kolonial_id": "6712"},
  {"category": "Smoothie", "category_list": ["Alle varer", "Drikkevarer", "Smoothie"], "title": "Smoothie Appelsin, Gulrot & Ingef\u00e6r", "price": 40.9, "product_variant": "750 ml", "quantity_info": [[750.0, "ml"]], "image_url": "/media/uploads/public/11/81/973281-a12fb-product_list.jpg", "unit_price_raw": "kr 54,53 per l", "product_url": "https://kolonial.no/produkter/27341-froosh-smoothie-appelsin-gulrot-ingefaer/", "kolonial_id": "27341"},
  {"category": "Juice", "category_list": ["Alle varer", "Drikkevarer", "Juice"], "title": "Original Appelsinjuice", "price": 41.1, "product_variant": "Med Fruktkj\u00f8tt, 1,75 l", "quantity_info": [[1.75, "l"]], "image_url": "/media/uploads/public/96/12/974012-65541-product_list.jpg", "unit_price_raw": "kr 23,49 per l", "product_url": "https://kolonial.no/produkter/12157-sunniva-original-appelsinjuice-med-fruktkjott-175l/", "kolonial_id": "12157"},
  {"category": "Vann og mineralvann", "category_list": ["Alle varer", "Drikkevarer", "Vann og mineralvann"], "title": "Farris Bris Bringeb\u00e6r & Granateple", "price": 20.9, "product_variant": "0,5 l", "quantity_info": [[0.5, "l"]], "image_url": "/media/uploads/public/0/143/6943-68066-product_list.jpg", "unit_price_raw": "kr 41,80 per l", "product_url": "https://kolonial.no/produkter/942-ringnes-farris-bris-bringebaer-granateple-0-5l/", "kolonial_id": "942"},
  {"category": "Vann og mineralvann", "category_list": ["Alle varer", "Drikkevarer", "Vann og mineralvann"], "title": "Farris Bris Jordb\u00e6r & Kiwi", "price": 18.9, "product_variant": "0,5 l", "quantity_info": [[0.5, "l"]], "image_url": "/media/uploads/public/66/94/723694-bb09f-product_list.jpg", "unit_price_raw": "kr 37,80 per l", "product_url": "https://kolonial.no/produkter/27740-ringnes-farris-bris-jordbaer-kiwi/", "kolonial_id": "27740"},
  {"category": "Sm\u00f8reost og prim", "category_list": ["Alle varer", "Oster", "Sm\u00f8reost og prim"], "title": "Cr\u00e8me Ch\u00e9rie", "price": 28.1, "product_variant": "Kirseb\u00e6r, 150 g", "quantity_info": [[150.0, "g"]], "image_url": "/media/uploads/public/251/364/966764-4ea9a-product_list.jpg", "unit_price_raw": "kr 187,33 per kg", "product_url": "https://kolonial.no/produkter/1214-tine-creme-cherie-kirsebaer-150g/", "kolonial_id": "1214"},
  {"category": "Bleier", "category_list": ["Alle varer", "Barneprodukter", "Bleier"], "title": "Lev Vel Bleier Mini", "price": 21.5, "product_variant": "Str. 2 3-6kg, 28 stk", "quantity_info": [[23.0, ""], [6.0, "kg"], [28.0, "stk"]], "image_url": "/media/uploads/public/146/74/969274-c4757-product_list.jpg", "unit_price_raw": "kr 0,77 per stk", "product_url": "https://kolonial.no/produkter/17953-rema-1000-lev-vel-bleier-mini-str-2-3-6kg/", "kolonial_id": "17953"},
  {"category": "Bleier", "category_list": ["Alle varer", "Barneprodukter", "Bleier"], "title": "Lev Vel Bleier Midi", "price": 35.6, "product_variant": "Str. 3, 5-9 kg, 56 stk", "quantity_info": [[3.5, ""], [9.0, "kg"], [56.0, "stk"]], "image_url": "/media/uploads/public/55/301/969901-febb8-product_list.jpg", "unit_price_raw": "kr 0,64 per stk", "product_url": "https://kolonial.no/produkter/19480-rema-1000-lev-vel-bleier-midi-str-3-5-9-kg/", "kolonial_id": "19480"},
  {"category": "Spesialoster", "category_list": ["Alle varer", "Oster", "Spesialoster"], "title": "Fryd Royal Blue", "price": 47.4, "product_variant": "170 g", "quantity_info": [[170.0, "g"]], "image_url": "/media/uploads/public/127/153/970153-e1947-product_list.jpg", "unit_price_raw": "kr 278,82 per kg", "product_url": "https://kolonial.no/produkter/12253-tine-fryd-royal-blue/", "kolonial_id": "12253"},
  {"category": "Julens p\u00e5legg", "category_list": ["Alle varer", "P\u00e5legg", "Julens p\u00e5legg"], "title": "Kokt Tunge Skivet", "price": 36.9, "product_variant": "100 g", "quantity_info": [[100.0, "g"]], "image_url": "/media/uploads/public/33/363/372363-4afdd-product_list.jpg", "unit_price_raw": "kr 369,00 per kg", "product_url": "https://kolonial.no/produkter/26035-gilde-kokt-tunge-skivet/", "kolonial_id": "26035"},
  {"category": "Brus", "category_list": ["Alle varer", "Drikkevarer", "Brus"], "title": "7UP Free", "price": 37.8, "product_variant": "1,5 l", "quantity_info": [[1.5, "l"]], "image_url": "/media/uploads/public/0/340/20740-a187e-product_list.jpg", "unit_price_raw": "kr 25,20 per l", "product_url": "https://kolonial.no/produkter/12613-ringnes-7up-free-15l/", "kolonial_id": "12613"},
  {"category": "Hundemat", "category_list": ["Alle varer", "Dyremat", "Hundemat"], "title": "Hundef\u00f4r Valp", "price": 73.6, "product_variant": "1,5 kg", "quantity_info": [[1.5, "kg"]], "image_url": "/media/uploads/public/245/262/971062-32015-product_list.jpg", "unit_price_raw": "kr 49,07 per kg", "product_url": "https://kolonial.no/produkter/23661-vetivo-hundefor-valp/", "kolonial_id": "23661"},
  {"category": "Taco", "category_list": ["Alle varer", "Pizza og taco", "Taco"], "title": "Salsa Thick'n Chunky", "price": 33.1, "product_variant": "Hot, 340 g", "quantity_info": [[340.0, "g"]], "image_url": "/media/uploads/public/21/145/715345-d0965-product_list.jpg", "unit_price_raw": "kr 97,35 per kg", "product_url": "https://kolonial.no/produkter/7255-old-el-paso-salsa-thickn-chunky-hot/", "kolonial_id": "7255"},
  {"category": "Taco", "category_list": ["Alle varer", "Pizza og taco", "Taco"], "title": "Taco Salsa", "price": 15.6, "product_variant": "Medium, 226 g", "quantity_info": [[226.0, "g"]], "image_url": "/media/uploads/public/18/149/715349-d24e8-product_list.jpg", "unit_price_raw": "kr 69,03 per kg", "product_url": "https://kolonial.no/produkter/17458-old-el-paso-taco-salsa-medium/", "kolonial_id": "17458"},
  {"category": "Buljong og fond", "category_list": ["Alle varer", "Olje og krydder", "Buljong og fond"], "title": "Buljongpulver M\u00f8rk", "price": 34.1, "product_variant": "Gir 7,5l ferdig buljong, 7,5 l", "quantity_info": [[7.5, "lferdigbuljong"], [7.5, "l"]], "image_url": "/media/uploads/public/249/220/965420-365b2-product_list.jpg", "unit_price_raw": "kr 4,55 per l", "product_url": "https://kolonial.no/produkter/10670-toro-buljongpulver-mork-gir-75l-ferdig-buljong/", "kolonial_id": "10670"},
  {"category": "Hjemmelaget pizza", "category_list": ["Alle varer", "Pizza og taco", "Hjemmelaget pizza"], "title": "Pepperoni Topping", "price": 20.0, "product_variant": "Taste Lab, 80 g", "quantity_info": [[80.0, "g"]], "image_url": "/media/uploads/public/88/236/332236-459f0-product_list.jpg", "unit_price_raw": "kr 250,00 per kg", "product_url": "https://kolonial.no/produkter/24971-rema-1000-pepperoni-topping-taste-lab/", "kolonial_id": "24971"},
  {"category": "Deodorant", "category_list": ["Alle varer", "Hygieneartikler", "Deodorant"], "title": "Talc Soft Roll On", "price": 39.1, "product_variant": "50 ml", "quantity_info": [[50.0, "ml"]], "image_url": "/media/uploads/public/281/140/262540-b4cb9-product_list.jpg", "unit_price_raw": "kr 782,00 per l", "product_url": "https://kolonial.no/produkter/25532-dove-talc-soft-roll/", "kolonial_id": "25532"},
  {"category": "Deodorant", "category_list": ["Alle varer", "Hygieneartikler", "Deodorant"], "title": "Dove Original Roll On", "price": 37.0, "product_variant": "50 ml", "quantity_info": [[50.0, "ml"]], "image_url": "/media/uploads/public/137/142/262542-c86f0-product_list.jpg", "unit_price_raw": "kr 740,00 per l", "product_url": "https://kolonial.no/produkter/25535-dove-dove-original-roll/", "kolonial_id": "25535"},
  {"category": "Melk", "category_list": ["Alle varer", "Melk, meieriprodukter og egg", "Melk"], "title": "Laktosefri Lettmelk", "price": 33.3, "product_variant": "1 l", "quantity_info": [[1.0, "l"]], "image_url": "/media/uploads/public/0/83/83-3d062-product_list.jpg", "unit_price_raw": "kr 33,30 per l", "product_url": "https://kolonial.no/produkter/429-tine-laktosefri-lettmelk-1l/", "kolonial_id": "429"},
  {"category": "Bomull og ansiktsrens", "category_list": ["Alle varer", "Hygieneartikler", "Bomull og ansiktsrens"], "title": "Lotion Ansiktservietter", "price": 26.0, "product_variant": "72 stk", "quantity_info": [[72.0, "stk"]], "image_url": "/media/uploads/public/259/342/164742-39bfd-product_list.jpg", "unit_price_raw": "kr 0,36 per stk", "product_url": "https://kolonial.no/produkter/24974-lotus-lotion-ansiktservietter/", "kolonial_id": "24974"},
  {"category": "Bomull og ansiktsrens", "category_list": ["Alle varer", "Hygieneartikler", "Bomull og ansiktsrens"], "title": "\u00d8kologiske Intimservietter", "price": 49.4, "product_variant": "24 stk", "quantity_info": [[24.0, "stk"]], "image_url": "/media/uploads/public/305/381/187181-c9b87-product_list.jpg", "unit_price_raw": "kr 2,06 per stk", "product_url": "https://kolonial.no/produkter/25333-masmi-okologiske-intimservietter/", "kolonial_id": "25333"},
  {"category": "Krydder", "category_list": ["Alle varer", "Olje og krydder", "Krydder"], "title": "Kj\u00f8tt & Grill Krydder", "price": 26.8, "product_variant": "88 g", "quantity_info": [[88.0, "g"]], "image_url": "/media/uploads/public/0/327/964327-e35e9-product_list.jpg", "unit_price_raw": "kr 304,55 per kg", "product_url": "https://kolonial.no/produkter/7645-knorr-kjott-grill-krydder-90g/", "kolonial_id": "7645"},
  {"category": "Proteinbar og m\u00fcslibar", "category_list": ["Alle varer", "Legemidler og helsekost", "Proteinbar og m\u00fcslibar"], "title": "Maxim 40% Proteinbar Saltycaramel", "price": 33.4, "product_variant": "50 g", "quantity_info": [[50.0, "g"]], "image_url": "/media/uploads/public/353/240/534640-2c8d2-product_list.jpg", "unit_price_raw": "kr 668,00 per kg", "product_url": "https://kolonial.no/produkter/26390-maxim-maxim-40-proteinbar-saltycaramel/", "kolonial_id": "26390"},
  {"category": "Bind og tamponger", "category_list": ["Alle varer", "Hygieneartikler", "Bind og tamponger"], "title": "Menstruasjonskopp Str. M", "price": 268.7, "product_variant": "\u00d8kologisk, 1 stk", "quantity_info": [[1.0, "stk"]], "image_url": "/media/uploads/public/368/12/128012-834ba-product_list.jpg", "unit_price_raw": "kr 268,70 per stk", "product_url": "https://kolonial.no/produkter/23472-masmi-menstruasjonskopp-str-m-okologisk/", "kolonial_id": "23472"},
  {"category": "Kluter, svamper og hansker", "category_list": ["Alle varer", "T\u00f8rkepapir og vaskemidler", "Kluter, svamper og hansker"], "title": "Gummihansker", "price": 17.8, "product_variant": "Large, 2 par, 2 stk", "quantity_info": [[2.0, "par"], [2.0, "stk"]], "image_url": "/media/uploads/public/215/395/966395-f8f30-product_list.jpg", "unit_price_raw": "kr 8,90 per stk", "product_url": "https://kolonial.no/produkter/5080-soft-style-gummihansker-large-2-par/", "kolonial_id": "5080"},
  {"category": "Kluter, svamper og hansker", "category_list": ["Alle varer", "T\u00f8rkepapir og vaskemidler", "Kluter, svamper og hansker"], "title": "Engangshansker", "price": 79.9, "product_variant": "Medium, 100 stk", "quantity_info": [[100.0, "stk"]], "image_url": "/media/uploads/public/0/219/47419-9f686-product_list.jpg", "unit_price_raw": "kr 0,80 per stk", "product_url": "https://kolonial.no/produkter/16771-engangshansker-medium/", "kolonial_id": "16771"},
  {"category": "Shampo og h\u00e5rprodukter", "category_list": ["Alle varer", "Shampo, s\u00e5pe og krem", "Shampo og h\u00e5rprodukter"], "title": "Respons Olive Balsam", "price": 31.8, "product_variant": "200 ml", "quantity_info": [[200.0, "ml"]], "image_url": "/media/uploads/public/74/97/971297-fcef5-product_list.jpg", "unit_price_raw": "kr 159,00 per l", "product_url": "https://kolonial.no/produkter/23389-garnier-respons-olive-balsam/", "kolonial_id": "23389"},
  {"category": "Krem", "category_list": ["Alle varer", "Shampo, s\u00e5pe og krem", "Krem"], "title": "Lypsyl", "price": 39.4, "product_variant": "\u00c5rets Smak, Coconut, 1 stk", "quantity_info": [[1.0, "stk"]], "image_url": "/media/uploads/public/282/4/155204-6c7fb-product_list.jpg", "unit_price_raw": "kr 39,40 per stk", "product_url": "https://kolonial.no/produkter/25013-lypsyl-lypsyl-arets-smak-coconut/", "kolonial_id": "25013"},
  {"category": "Gulost", "category_list": ["Alle varer", "Oster", "Gulost"], "title": "Norvegia Ekstra Vellagret", "price": 104.0, "product_variant": "ca. 550 g", "quantity_info": [[550.0, "g"]], "image_url": "/media/uploads/public/67/120/973720-f922d-product_list.jpg", "unit_price_raw": "kr 189,09 per kg", "product_url": "https://kolonial.no/produkter/12271-tine-norvegia-ekstra-vellagret-500g/", "kolonial_id": "12271"},
  {"category": "Oppvask", "category_list": ["Alle varer", "T\u00f8rkepapir og vaskemidler", "Oppvask"], "title": "Sun Maxpower", "price": 74.5, "product_variant": "66 vask", "quantity_info": [[66.0, "vask"]], "image_url": "/media/uploads/public/37/31/411231-bd347-product_list.jpg", "unit_price_raw": "kr 1,13 per vask", "product_url": "https://kolonial.no/produkter/26145-sun-sun-maxpower/", "kolonial_id": "26145"},
  {"category": "Fryst pizza", "category_list": ["Alle varer", "Pizza og taco", "Fryst pizza"], "title": "Pizza Rustica Pepperoni", "price": 73.8, "product_variant": "540 g", "quantity_info": [[540.0, "g"]], "image_url": "/media/uploads/public/31/39/974039-f097f-product_list.jpg", "unit_price_raw": "kr 136,67 per kg", "product_url": "https://kolonial.no/produkter/4297-dr-oetker-pizza-rustica-pepperoni/", "kolonial_id": "4297"},
  {"category": "Fryst pizza", "category_list": ["Alle varer", "Pizza og taco", "Fryst pizza"], "title": "Pizza Rustica 4-cheeses", "price": 73.8, "product_variant": "555 g", "quantity_info": [[555.0, "g"]], "image_url": "/media/uploads/public/225/56/974056-ea73d-product_list.jpg", "unit_price_raw": "kr 132,97 per kg", "product_url": "https://kolonial.no/produkter/4276-dr-oetker-pizza-rustica-4-cheeses/", "kolonial_id": "4276"},
  {"category": "Tannpleie", "category_list": ["Alle varer", "Hygieneartikler", "Tannpleie"], "title": "Jordan TB Expert Clean", "price": 42.1, "product_variant": "Medium, 1 stk", "quantity_info": [[1.0, "stk"]], "image_url": "/media/uploads/public/155/286/971886-bee4b-product_list.jpg", "unit_price_raw": "kr 42,10 per stk", "product_url": "https://kolonial.no/produkter/24489-jordan-jordan-tb-expert-clean-medium/", "kolonial_id": "24489"},
  {"category": "Vaskemidler", "category_list": ["Alle varer", "T\u00f8rkepapir og vaskemidler", "Vaskemidler"], "title": "Salmi rengj\u00f8ring", "price": 25.6, "product_variant": "750 ml", "quantity_info": [[750.0, "ml"]], "image_url": "/media/uploads/public/56/6/964806-809dc-product_list.jpg", "unit_price_raw": "kr 34,13 per l", "product_url": "https://kolonial.no/produkter/648-salmi-salmi-rengjoring-750ml/", "kolonial_id": "648"},
  {"category": "Vaskemidler", "category_list": ["Alle varer", "T\u00f8rkepapir og vaskemidler", "Vaskemidler"], "title": "Salmiakk", "price": 17.7, "product_variant": "1,5 l", "quantity_info": [[1.5, "l"]], "image_url": "/media/uploads/public/376/221/966221-ff3e6-product_list.jpg", "unit_price_raw": "kr 11,80 per l", "product_url": "https://kolonial.no/produkter/8734-rema-1000-salmiakk-15l/", "kolonial_id": "8734"},
  {"category": "Frossen fisk og sj\u00f8mat", "category_list": ["Alle varer", "Fisk og sj\u00f8mat", "Frossen fisk og sj\u00f8mat"], "title": "Fiskegrateng", "price": 19.8, "product_variant": "430 g", "quantity_info": [[430.0, "g"]], "image_url": "/media/uploads/public/42/109/969309-61467-product_list.jpg", "unit_price_raw": "kr 46,05 per kg", "product_url": "https://kolonial.no/produkter/3292-norway-seafoods-fiskegrateng-430g/", "kolonial_id": "3292"},
  {"category": "Baketilbeh\u00f8r", "category_list": ["Alle varer", "Mel og bakeingredienser", "Baketilbeh\u00f8r"], "title": "Delfia Kokosfett", "product_variant": "250 g", "discounted_price": 14.95, "undiscounted_price": 29.9, "quantity_info": [[250.0, "g"]], "discount_raw": "-50%", "image_url": "/media/uploads/public/388/82/971682-99f48-product_list.jpg", "unit_price_raw": "kr 59,80 per kg", "product_url": "https://kolonial.no/produkter/17389-mills-delfia-kokosfett/", "kolonial_id": "17389", "price": 14.95},
  {"category": "Hermetisert sj\u00f8mat", "category_list": ["Alle varer", "Fisk og sj\u00f8mat", "Hermetisert sj\u00f8mat"], "title": "Reker i Lake H\u00e5ndpillede", "price": 69.5, "product_variant": "200 g", "quantity_info": [[200.0, "g"]], "image_url": "/media/uploads/public/129/110/145310-cf5c7-product_list.jpg", "unit_price_raw": "kr 347,50 per kg", "product_url": "https://kolonial.no/produkter/24099-salatmestern-reker-i-lake-handpillede/", "kolonial_id": "24099"},
  {"category": "Klesvask", "category_list": ["Alle varer", "T\u00f8rkepapir og vaskemidler", "Klesvask"], "title": "Omo Color", "price": 39.9, "product_variant": "Flytende, 595 ml", "quantity_info": [[595.0, "ml"]], "image_url": "/media/uploads/public/150/359/996359-c6591-product_list.jpg", "unit_price_raw": "kr 67,06 per l", "product_url": "https://kolonial.no/produkter/1143-omo-omo-color-xpert-flytende-595ml/", "kolonial_id": "1143"},
  {"category": "Klesvask", "category_list": ["Alle varer", "T\u00f8rkepapir og vaskemidler", "Klesvask"], "title": "OMO Aktiv & Sport", "price": 59.9, "product_variant": "595 ml", "quantity_info": [[595.0, "ml"]], "image_url": "/media/uploads/public/246/16/967216-7b533-product_list.jpg", "unit_price_raw": "kr 100,67 per l", "product_url": "https://kolonial.no/produkter/2965-omo-omo-aktiv-sport-500ml/", "kolonial_id": "2965"},
  {"category": "Fersk fisk", "category_list": ["Alle varer", "Fisk og sj\u00f8mat", "Fersk fisk"], "title": "Laksefilet uten Skinn", "price": 69.9, "product_variant": "Fiskeriet, \n                            \n\n                            250 g", "quantity_info": [[250.0, "g"]], "image_url": "/media/uploads/public/107/258/789858-498eb-product_list_large.jpg", "unit_price_raw": "kr 279,60 per kg", "product_url": "https://kolonial.no/produkter/24685-fiskeriet-laksefilet-uten-skinn/", "kolonial_id": "24685"},
  {"category": "Oljer og dressinger", "category_list": ["Alle varer", "Olje og krydder", "Oljer og dressinger"], "title": "Olivenolje", "price": 81.4, "product_variant": "1 l", "quantity_info": [[1.0, "l"]], "image_url": "/media/uploads/public/364/387/970787-d4be2-product_list.jpg", "unit_price_raw": "kr 81,40 per l", "product_url": "https://kolonial.no/produkter/7792-olivenolje-1ltr-ybarra/", "kolonial_id": "7792"},
  {"category": "Ferdigmikser", "category_list": ["Alle varer", "Mel og bakeingredienser", "Ferdigmikser"], "title": "Solsikkebr\u00f8d", "price": 25.7, "product_variant": "1 kg", "quantity_info": [[1.0, "kg"]], "image_url": "/media/uploads/public/79/373/967973-e7c38-product_list.jpg", "unit_price_raw": "kr 25,70 per kg", "product_url": "https://kolonial.no/produkter/6421-mollerens-solsikkebrod-1kg/", "kolonial_id": "6421"},
  {"category": "Tyggis og pastiller", "category_list": ["Alle varer", "Snacks og godteri", "Tyggis og pastiller"], "title": "Extra Spearmint", "price": 15.1, "product_variant": "Sukkerfri, 1 stk", "quantity_info": [[1.0, "stk"]], "image_url": "/media/uploads/public/271/140/965740-ce9a9-product_list.jpg", "unit_price_raw": "kr 15,10 per stk", "product_url": "https://kolonial.no/produkter/316-extra-spearmint/", "kolonial_id": "316"},
  {"category": "Frokostblandinger og gryn", "category_list": ["Alle varer", "Br\u00f8d og frokostblandinger", "Frokostblandinger og gryn"], "title": "Havrekrisp Jordb\u00e6r", "price": 44.5, "product_variant": "300 g", "quantity_info": [[300.0, "g"]], "image_url": "/media/uploads/public/342/38/188438-6dafe-product_list.jpg", "unit_price_raw": "kr 148,33 per kg", "product_url": "https://kolonial.no/produkter/25382-axa-havrekrisp-jordbaer/", "kolonial_id": "25382"},
  {"category": "Bursdag", "category_list": ["Alle varer", "Barneprodukter", "Bursdag"], "title": "Godteposer Spiderman", "price": 20.9, "product_variant": "6 stk, 6 stk", "quantity_info": [[6.0, "stk"], [6.0, "stk"]], "image_url": "/media/uploads/public/0/339/105139-ef1d1-product_list.jpg", "unit_price_raw": "kr 3,48 per stk", "product_url": "https://kolonial.no/produkter/15058-godteposer-spiderman-6-stk/", "kolonial_id": "15058"},
  {"category": "Supper", "category_list": ["Alle varer", "Middager og tilbeh\u00f8r", "Supper"], "title": "Spinatsuppe Kremet", "price": 26.4, "product_variant": "79 g", "quantity_info": [[79.0, "g"]], "image_url": "/media/uploads/public/354/348/971148-61de9-product_list.jpg", "unit_price_raw": "kr 334,18 per kg", "product_url": "https://kolonial.no/produkter/23345-toro-spinatsuppe-kremet/", "kolonial_id": "23345"},
  {"category": "Knekkebr\u00f8d", "category_list": ["Alle varer", "Br\u00f8d og frokostblandinger", "Knekkebr\u00f8d"], "title": "Oats & Honey", "price": 16.3, "product_variant": "Granola Bar, 42 g", "quantity_info": [[42.0, "g"]], "image_url": "/media/uploads/public/0/334/18334-7c78f-product_list.jpg", "unit_price_raw": "kr 388,10 per kg", "product_url": "https://kolonial.no/produkter/11614-nature-valley-oats-honey-granola-bar/", "kolonial_id": "11614"},
  {"category": "Langtidsholdbare br\u00f8d", "category_list": ["Alle varer", "Br\u00f8d og frokostblandinger", "Langtidsholdbare br\u00f8d"], "title": "Minibaguetter Fine", "price": 18.8, "product_variant": "8x75g, 600 g", "quantity_info": [[8.0, "x"], [75.0, "g"], [600.0, "g"]], "image_url": "/media/uploads/public/159/393/1015593-a3c7b-product_list.jpg", "unit_price_raw": "kr 31,33 per kg", "product_url": "https://kolonial.no/produkter/13372-rema-1000-minibaguetter-fine-8x75g/", "kolonial_id": "13372"},
  {"category": "Pasta og nudler", "category_list": ["Alle varer", "Middager og tilbeh\u00f8r", "Pasta og nudler"], "title": "Mezzi Rigatoni", "price": 36.0, "product_variant": "500 g", "quantity_info": [[500.0, "g"]], "image_url": "/media/uploads/public/83/185/718985-970b7-product_list.jpg", "unit_price_raw": "kr 72,00 per kg", "product_url": "https://kolonial.no/produkter/26233-rummo-mezzi-rigatoni/", "kolonial_id": "26233"},
  {"category": "Hermetisert frukt og gr\u00f8nt", "category_list": ["Alle varer", "Frukt og gr\u00f8nt", "Hermetisert frukt og gr\u00f8nt"], "title": "Brekkb\u00f8nner", "price": 19.8, "product_variant": "410 g", "quantity_info": [[410.0, "g"]], "image_url": "/media/uploads/public/169/297/965097-86d43-product_list.jpg", "unit_price_raw": "kr 48,29 per kg", "product_url": "https://kolonial.no/produkter/8900-rema-1000-brekkbonner/", "kolonial_id": "8900"},
  {"category": "Hermetisert frukt og gr\u00f8nt", "category_list": ["Alle varer", "Frukt og gr\u00f8nt", "Hermetisert frukt og gr\u00f8nt"], "title": "B\u00f8nnespirer", "price": 13.8, "product_variant": "425 g", "quantity_info": [[425.0, "g"]], "image_url": "/media/uploads/public/210/277/968677-62145-product_list.jpg", "unit_price_raw": "kr 32,47 per kg", "product_url": "https://kolonial.no/produkter/16332-rema-1000-bonnespirer/", "kolonial_id": "16332"},
  {"category": "Diverse husholdning", "category_list": ["Alle varer", "Husholdning og tekstil", "Diverse husholdning"], "title": "Binders", "price": 29.9, "product_variant": "100 stk", "quantity_info": [[100.0, "stk"]], "image_url": "/media/uploads/public/0/63/46063-b87cd-product_list.jpg", "unit_price_raw": "kr 0,30 per stk", "product_url": "https://kolonial.no/produkter/15049-binders/", "kolonial_id": "15049"},
  {"category": "Ferdigsauser", "category_list": ["Alle varer", "Middager og tilbeh\u00f8r", "Ferdigsauser"], "title": "R\u00f8dvinssaus", "price": 20.0, "product_variant": "250 ml", "quantity_info": [[250.0, "ml"]], "image_url": "/media/uploads/public/254/54/693254-5cdb7-product_list.jpg", "unit_price_raw": "kr 80,00 per l", "product_url": "https://kolonial.no/produkter/18163-stanges-gardsprodukter-rodvinssaus/", "kolonial_id": "18163"},
  {"category": "P\u00f8lser", "category_list": ["Alle varer", "Kj\u00f8tt og kylling", "P\u00f8lser"], "title": "Bacongrill med Ost", "price": 30.0, "product_variant": "350 g", "quantity_info": [[350.0, "g"]], "image_url": "/media/uploads/public/100/192/971792-da17b-product_list.jpg", "unit_price_raw": "kr 85,71 per kg", "product_url": "https://kolonial.no/produkter/24051-nordfjord-bacongrill-med-ost/", "kolonial_id": "24051"},
  {"category": "Kontor", "category_list": ["Alle varer", "Husholdning og tekstil", "Kontor"], "title": "Konvolutter C6", "price": 31.5, "product_variant": "Hvit, 20 stk", "quantity_info": [[20.0, "stk"]], "image_url": "/media/uploads/public/0/186/23386-80249-product_list.jpg", "unit_price_raw": "kr 1,58 per stk", "product_url": "https://kolonial.no/produkter/10289-konvolutter-c6-hvit-20-stk/", "kolonial_id": "10289"},
  {"category": "Fr\u00f8, n\u00f8tter og t\u00f8rket frukt", "category_list": ["Alle varer", "Frukt og gr\u00f8nt", "Fr\u00f8, n\u00f8tter og t\u00f8rket frukt"], "title": "T\u00f8rkede Aprikoser", "price": 23.8, "product_variant": "250 g", "quantity_info": [[250.0, "g"]], "image_url": "/media/uploads/public/16/180/972980-741e7-product_list.jpg", "unit_price_raw": "kr 95,20 per kg", "product_url": "https://kolonial.no/produkter/16377-rema-1000-torkede-aprikoser/", "kolonial_id": "16377"},
  {"category": "Kj\u00f8ttboller og karbonader", "category_list": ["Alle varer", "Kj\u00f8tt og kylling", "Kj\u00f8ttboller og karbonader"], "title": "Karbonader", "price": 64.9, "product_variant": "Halal, 480 g", "quantity_info": [[480.0, "g"]], "image_url": "/media/uploads/public/15/172/973772-1dc32-product_list.jpg", "unit_price_raw": "kr 135,21 per kg", "product_url": "https://kolonial.no/produkter/27648-karbonader-halal/", "kolonial_id": "27648"},
  {"category": "Kj\u00f8ttboller og karbonader", "category_list": ["Alle varer", "Kj\u00f8tt og kylling", "Kj\u00f8ttboller og karbonader"], "title": "Fersk Falafel", "price": 37.9, "product_variant": "Med R\u00f8dbet, 190 g", "quantity_info": [[190.0, "g"]], "image_url": "/media/uploads/public/322/27/978427-b55ac-product_list.jpg", "unit_price_raw": "kr 199,47 per kg", "product_url": "https://kolonial.no/produkter/27795-sevan-fersk-falafel-rodbet/", "kolonial_id": "27795"},
  {"category": "Gr\u00f8nnsaker", "category_list": ["Alle varer", "Frukt og gr\u00f8nt", "Gr\u00f8nnsaker"], "title": "V\u00e5rl\u00f8k i Bunt", "price": 20.5, "product_variant": "Spania/ Italia, 150 g", "quantity_info": [[150.0, "g"]], "image_url": "/media/uploads/public/0/65/12065-56d1e-product_list.jpg", "unit_price_raw": "kr 136,67 per kg", "product_url": "https://kolonial.no/produkter/9398-varlok-i-bunt-norge/", "kolonial_id": "9398"},
  {"category": "Frukt", "category_list": ["Alle varer", "Frukt og gr\u00f8nt", "Frukt"], "title": "Melon Cantaloupe", "price": 32.9, "product_variant": "Brasil, 1 stk", "quantity_info": [[1.0, "stk"]], "image_url": "/media/uploads/public/0/282/11882-de78a-product_list.jpg", "unit_price_raw": "kr 38,71 per kg", "product_url": "https://kolonial.no/produkter/9347-melon-cantaloupe-brasil/", "kolonial_id": "9347"},
  {"category": "Frukt", "category_list": ["Alle varer", "Frukt og gr\u00f8nt", "Frukt"], "title": "Piel de Sapo Melon", "price": 30.9, "product_variant": "Brasil, 1 stk", "quantity_info": [[1.0, "stk"]], "image_url": "/media/uploads/public/156/109/505309-a4fcd-product_list.jpg", "unit_price_raw": "kr 34,33 per kg", "product_url": "https://kolonial.no/produkter/26226-piel-de-sapo-melon-brasil/", "kolonial_id": "26226"},
  {"category": "Middags-kit og gryteretter", "category_list": ["Alle varer", "Middager og tilbeh\u00f8r", "Middags-kit og gryteretter"], "title": "Havregr\u00f8t Med Havrekli", "price": 11.1, "product_variant": "65 g", "quantity_info": [[65.0, "g"]], "image_url": "/media/uploads/public/138/305/968305-bc9d3-product_list.jpg", "unit_price_raw": "kr 170,77 per kg", "product_url": "https://kolonial.no/produkter/15187-rema-1000-havregrot-med-havrekli-65g/", "kolonial_id": "15187"},
  {"category": "Ris og gryn", "category_list": ["Alle varer", "Middager og tilbeh\u00f8r", "Ris og gryn"], "title": "Ris Snarkokt", "price": 25.7, "product_variant": "400 g", "quantity_info": [[400.0, "g"]], "image_url": "/media/uploads/public/380/60/158060-3b0b0-product_list.jpg", "unit_price_raw": "kr 64,25 per kg", "product_url": "https://kolonial.no/produkter/25227-toro-ris-snarkokt/", "kolonial_id": "25227"},
  {"category": "Posesauser", "category_list": ["Alle varer", "Middager og tilbeh\u00f8r", "Posesauser"], "title": "Brun Saus", "price": 20.1, "product_variant": "Glutenfri, 32 g", "quantity_info": [[32.0, "g"]], "image_url": "/media/uploads/public/91/241/965441-963a4-product_list.jpg", "unit_price_raw": "kr 628,13 per kg", "product_url": "https://kolonial.no/produkter/6289-toro-brun-saus-glutenfri/", "kolonial_id": "6289"},
  {"category": "Posesauser", "category_list": ["Alle varer", "Middager og tilbeh\u00f8r", "Posesauser"], "title": "Glutenfri Hvit Saus", "price": 18.6, "product_variant": "19 g", "quantity_info": [[19.0, "g"]], "image_url": "/media/uploads/public/87/86/967286-f4f49-product_list.jpg", "unit_price_raw": "kr 978,95 per kg", "product_url": "https://kolonial.no/produkter/10757-toro-glutenfri-hvit-saus-19g/", "kolonial_id": "10757"},
  {"category": "Middagstilbeh\u00f8r", "category_list": ["Alle varer", "Middager og tilbeh\u00f8r", "Middagstilbeh\u00f8r"], "title": "Mozzarella Sticks", "price": 30.0, "product_variant": "Taste Lab, 250 g", "quantity_info": [[250.0, "g"]], "image_url": "/media/uploads/public/155/135/296135-a7ee2-product_list.jpg", "unit_price_raw": "kr 120,00 per kg", "product_url": "https://kolonial.no/produkter/25127-rema-1000-mozzarella-sticks-taste-lab/", "kolonial_id": "25127"},
  {"category": "Kylling, kalkun og and", "category_list": ["Alle varer", "Kj\u00f8tt og kylling", "Kylling, kalkun og and"], "title": "Kyllingfilet Stekt Og Skivet Naturell", "price": 49.9, "product_variant": "200 g", "quantity_info": [[200.0, "g"]], "image_url": "/media/uploads/public/352/283/969483-716c4-product_list.jpg", "unit_price_raw": "kr 249,50 per kg", "product_url": "https://kolonial.no/produkter/27881-den-stolte-hane-kyllingfilet-stekt-og-skivet-natur/", "kolonial_id": "27881"},
  {"category": "Bacon og tilbeh\u00f8r", "category_list": ["Alle varer", "Kj\u00f8tt og kylling", "Bacon og tilbeh\u00f8r"], "title": "Ternet Bacon", "price": 44.89, "product_variant": "2x150gr, 300 g", "quantity_info": [[2.0, "x"], [150.0, "gr"], [300.0, "g"]], "image_url": "/media/uploads/public/83/224/979424-b4493-product_list.jpg", "unit_price_raw": "kr 149,63 per kg", "product_url": "https://kolonial.no/produkter/27923-tulip-ternet-bacon-2x150gr/", "kolonial_id": "27923"},
  {"category": "Smoothie, yoghurt og mellomm\u00e5ltid", "category_list": ["Alle varer", "Barneprodukter", "Smoothie, yoghurt og mellomm\u00e5ltid"], "title": "The Red One Smoothie", "price": 18.2, "product_variant": "Fra 6 mnd, 90 g", "quantity_info": [[6.0, "mnd"], [90.0, "g"]], "image_url": "/media/uploads/public/189/20/969220-fa1f4-product_list.jpg", "unit_price_raw": "kr 202,22 per kg", "product_url": "https://kolonial.no/produkter/794-ellas-kitchen-red-one-smoothie-fra-6-mnd/", "kolonial_id": "794"},
  {"category": "Middagsglass", "category_list": ["Alle varer", "Barneprodukter", "Middagsglass"], "title": "Lasagne Vegetarisk", "price": 21.2, "product_variant": "Fra 6 mnd, 120 g", "quantity_info": [[6.0, "mnd"], [120.0, "g"]], "image_url": "/media/uploads/public/246/159/156159-8e7d7-product_list.jpg", "unit_price_raw": "kr 176,67 per kg", "product_url": "https://kolonial.no/produkter/25100-semper-lasagne-vegetarisk-fra-6-mnd/", "kolonial_id": "25100"},
  {"category": "Poser og folie", "category_list": ["Alle varer", "Husholdning og tekstil", "Poser og folie"], "title": "Mellomleggspapir", "price": 14.6, "product_variant": "12 x 8,5 cm, 1 stk", "quantity_info": [[12.0, "x"], [8.5, "cm"], [1.0, "stk"]], "image_url": "/media/uploads/public/352/223/145023-a5fa1-product_list.jpg", "unit_price_raw": "kr 14,60 per stk", "product_url": "https://kolonial.no/produkter/22306-mellomleggspapir-12-x-85-cm/", "kolonial_id": "22306"},
  {"category": "Gr\u00f8t", "category_list": ["Alle varer", "Barneprodukter", "Gr\u00f8t"], "title": "Mild Havregr\u00f8t", "price": 45.9, "product_variant": "Fra 4 mnd, 270 g", "quantity_info": [[4.0, "mnd"], [270.0, "g"]], "image_url": "/media/uploads/public/342/361/971161-87e5a-product_list.jpg", "unit_price_raw": "kr 170,00 per kg", "product_url": "https://kolonial.no/produkter/23347-hipp-mild-havregrot-fra-4-mnd/", "kolonial_id": "23347"},
  {"category": "Honning og s\u00f8tp\u00e5legg", "category_list": ["Alle varer", "P\u00e5legg", "Honning og s\u00f8tp\u00e5legg"], "title": "Nugatti Max", "price": 40.9, "product_variant": "450 g", "quantity_info": [[450.0, "g"]], "image_url": "/media/uploads/public/217/80/965280-baf23-product_list.jpg", "unit_price_raw": "kr 90,89 per kg", "product_url": "https://kolonial.no/produkter/10658-stabburet-nugatti-max-450g/", "kolonial_id": "10658"},
  {"category": "Snus", "category_list": ["Alle varer", "Snus og tobakk", "Snus"], "title": "Mocca Mint Snus", "price": 79.9, "product_variant": "Portion, 8 g", "quantity_info": [[8.0, "g"]], "image_url": "https://kolonial.no/static/products/img/placeholder.bffcea8d3530.png", "unit_price_raw": "kr 9987,50 per kg", "product_url": "https://kolonial.no/produkter/15855-mocca-mint-snus-portion/", "kolonial_id": "15855"},
  {"category": "Snus", "category_list": ["Alle varer", "Snus og tobakk", "Snus"], "title": "Snus Skruf Portion #3", "price": 92.9, "product_variant": "Stark Snus, 22 g", "quantity_info": [[22.0, "g"]], "image_url": "https://kolonial.no/static/products/img/placeholder.bffcea8d3530.png", "unit_price_raw": "kr 4222,73 per kg", "product_url": "https://kolonial.no/produkter/3985-skruf-snus-skruf-portion-3-stark-snus/", "kolonial_id": "3985"},
  {"category": "Sigaretter", "category_list": ["Alle varer", "Snus og tobakk", "Sigaretter"], "title": "Marlboro Red", "price": 118.9, "product_variant": "20 stk", "quantity_info": [[20.0, "stk"]], "image_url": "https://kolonial.no/static/products/img/placeholder.bffcea8d3530.png", "unit_price_raw": "kr 5,95 per stk", "product_url": "https://kolonial.no/produkter/15567-marlboro-marlboro-red/", "kolonial_id": "15567"},
  {"category": "Leverpostei", "category_list": ["Alle varer", "P\u00e5legg", "Leverpostei"], "title": "Stabburet Leverpostei Glutenfri", "price": 34.9, "product_variant": "6 x 22g, 132 g", "quantity_info": [[6.0, "x"], [22.0, "g"], [132.0, "g"]], "image_url": "/media/uploads/public/375/334/972334-f2fe3-product_list.jpg", "unit_price_raw": "kr 264,39 per kg", "product_url": "https://kolonial.no/produkter/25852-stabburet-stabburet-leverpostei-glutenfri-6-x-22g/", "kolonial_id": "25852"},
  {"category": "Majones og tubep\u00e5legg", "category_list": ["Alle varer", "P\u00e5legg", "Majones og tubep\u00e5legg"], "title": "Majones", "price": 12.8, "product_variant": "375 g", "quantity_info": [[375.0, "g"]], "image_url": "/media/uploads/public/343/244/636244-76393-product_list.jpg", "unit_price_raw": "kr 34,13 per kg", "product_url": "https://kolonial.no/produkter/15606-rema-1000-majones/", "kolonial_id": "15606"},
  {"category": "Syltet\u00f8y", "category_list": ["Alle varer", "P\u00e5legg", "Syltet\u00f8y"], "title": "Syltet\u00f8y Eple & Tindved", "price": 25.0, "product_variant": "\u00d8kologisk, 230 g", "quantity_info": [[230.0, "g"]], "image_url": "/media/uploads/public/2/3/644003-5dc72-product_list.jpg", "unit_price_raw": "kr 108,70 per kg", "product_url": "https://kolonial.no/produkter/26212-kolonihagen-syltetoy-eple-tindved-okologisk/", "kolonial_id": "26212"},
  {"category": "Kj\u00f8tt- og kyllingp\u00e5legg", "category_list": ["Alle varer", "P\u00e5legg", "Kj\u00f8tt- og kyllingp\u00e5legg"], "title": "Kyllingfilet Spicy H\u00e5ndlaget", "price": 29.9, "product_variant": "100 g", "quantity_info": [[100.0, "g"]], "image_url": "/media/uploads/public/153/23/978423-97dfd-product_list.jpg", "unit_price_raw": "kr 299,00 per kg", "product_url": "https://kolonial.no/produkter/22945-finsbraten-kyllingfilet-spicy-handlaget/", "kolonial_id": "22945"},
  {"category": "Spekemat og salami", "category_list": ["Alle varer", "P\u00e5legg", "Spekemat og salami"], "title": "Salami", "price": 42.9, "product_variant": "150 g", "quantity_info": [[150.0, "g"]], "image_url": "/media/uploads/public/156/222/156622-af1c6-product_list.jpg", "unit_price_raw": "kr 286,00 per kg", "product_url": "https://kolonial.no/produkter/4849-nordfjord-salami-150g/", "kolonial_id": "4849"},
  {"category": "Kattemat", "category_list": ["Alle varer", "Dyremat", "Kattemat"], "title": "Pouch Mini Fj\u00e6rkre", "price": 42.7, "product_variant": "300 g", "quantity_info": [[300.0, "g"]], "image_url": "/media/uploads/public/230/236/968236-bcddf-product_list.jpg", "unit_price_raw": "kr 142,33 per kg", "product_url": "https://kolonial.no/produkter/13861-sheba-pouch-mini-fjaerkre-300g/", "kolonial_id": "13861"},
  {"category": "Fl\u00f8te og r\u00f8mmeprodukter", "category_list": ["Alle varer", "Melk, meieriprodukter og egg", "Fl\u00f8te og r\u00f8mmeprodukter"], "title": "Kesam", "price": 16.8, "product_variant": "Original, 300 g", "quantity_info": [[300.0, "g"]], "image_url": "/media/uploads/public/0/187/19387-3d071-product_list.jpg", "unit_price_raw": "kr 56,00 per kg", "product_url": "https://kolonial.no/produkter/12022-tine-kesam-original-300g/", "kolonial_id": "12022"},
  {"category": "Fl\u00f8te og r\u00f8mmeprodukter", "category_list": ["Alle varer", "Melk, meieriprodukter og egg", "Fl\u00f8te og r\u00f8mmeprodukter"], "title": "Vaniljekesam", "price": 21.1, "product_variant": "300 g", "quantity_info": [[300.0, "g"]], "image_url": "/media/uploads/public/0/77/77-1d40d-product_list.jpg", "unit_price_raw": "kr 70,33 per kg", "product_url": "https://kolonial.no/produkter/434-tine-vaniljekesam-300g/", "kolonial_id": "434"},
  {"category": "Yoghurt", "category_list": ["Alle varer", "Melk, meieriprodukter og egg", "Yoghurt"], "title": "Byggrynslunsj med Jordb\u00e6r", "price": 17.3, "product_variant": "150 g", "quantity_info": [[150.0, "g"]], "image_url": "/media/uploads/public/161/134/138934-2bf40-product_list.jpg", "unit_price_raw": "kr 115,33 per kg", "product_url": "https://kolonial.no/produkter/21625-fjordland-byggrynslunsj-med-jordbaer/", "kolonial_id": "21625"},
  {"category": "Yoghurt", "category_list": ["Alle varer", "Melk, meieriprodukter og egg", "Yoghurt"], "title": "Havrelunsj med Hageb\u00e6r", "price": 16.6, "product_variant": "150 g", "quantity_info": [[150.0, "g"]], "image_url": "/media/uploads/public/82/124/138924-e9005-product_list.jpg", "unit_price_raw": "kr 110,67 per kg", "product_url": "https://kolonial.no/produkter/21631-fjordland-havrelunsj-med-hagebaer/", "kolonial_id": "21631"},
  {"category": "Sm\u00f8r og margarin", "category_list": ["Alle varer", "Melk, meieriprodukter og egg", "Sm\u00f8r og margarin"], "title": "Ekte Meierism\u00f8r", "price": 27.7, "product_variant": "250 g", "quantity_info": [[250.0, "g"]], "image_url": "/media/uploads/public/172/13/966413-c43f1-product_list.jpg", "unit_price_raw": "kr 110,80 per kg", "product_url": "https://kolonial.no/produkter/12235-tine-tinesmor-1-4kg/", "kolonial_id": "12235"},
  {"category": "Te", "category_list": ["Alle varer", "Drikkevarer", "Te"], "title": "English Breakfast", "price": 90.9, "product_variant": "L\u00f8svekt, 200 g", "quantity_info": [[200.0, "g"]], "image_url": "/media/uploads/public/2/103/663703-858db-product_list.jpg", "unit_price_raw": "kr 454,50 per kg", "product_url": "https://kolonial.no/produkter/27191-twinings-english-breakfast-losvekt/", "kolonial_id": "27191"},
  {"category": "Kaffe", "category_list": ["Alle varer", "Drikkevarer", "Kaffe"], "title": "Classic Mellanrost", "price": 70.0, "product_variant": "Filtermalt, 500 g", "quantity_info": [[500.0, "g"]], "image_url": "/media/uploads/public/53/100/142500-1686f-product_list.jpg", "unit_price_raw": "kr 140,00 per kg", "product_url": "https://kolonial.no/produkter/23993-arvid-nordquist-classic-mellanrost-filtermalt/", "kolonial_id": "23993"},
  {"category": "Kaffe", "category_list": ["Alle varer", "Drikkevarer", "Kaffe"], "title": "Classic Festivita", "price": 70.0, "product_variant": "Filtermalt, 500 g", "quantity_info": [[500.0, "g"]], "image_url": "/media/uploads/public/10/101/142501-8c7fa-product_list.jpg", "unit_price_raw": "kr 140,00 per kg", "product_url": "https://kolonial.no/produkter/23992-arvid-nordquist-classic-festivita-filtermalt/", "kolonial_id": "23992"},
  {"category": "Saft", "category_list": ["Alle varer", "Drikkevarer", "Saft"], "title": "Sitron & Lime", "price": 38.9, "product_variant": "0,8 l", "quantity_info": [[0.8, "l"]], "image_url": "/media/uploads/public/233/228/1021428-e1e4e-product_list.jpg", "unit_price_raw": "kr 48,63 per l", "product_url": "https://kolonial.no/produkter/15642-zeroh-sitron-lime/", "kolonial_id": "15642"},
  {"category": "Saft", "category_list": ["Alle varer", "Drikkevarer", "Saft"], "title": "Orange & Golden Berry", "price": 40.5, "product_variant": "0,8 l", "quantity_info": [[0.8, "l"]], "image_url": "/media/uploads/public/364/86/973286-bb730-product_list.jpg", "unit_price_raw": "kr 50,63 per l", "product_url": "https://kolonial.no/produkter/27368-zeroh-orange-golden-berry/", "kolonial_id": "27368"},
  {"category": "Smoothie", "category_list": ["Alle varer", "Drikkevarer", "Smoothie"], "title": "Smoothie P\u00e6re, Gr\u00f8nnk\u00e5l & Sitrongress", "price": 21.9, "product_variant": "250 ml", "quantity_info": [[250.0, "ml"]], "image_url": "/media/uploads/public/75/242/614242-35e56-product_list.jpg", "unit_price_raw": "kr 87,60 per l", "product_url": "https://kolonial.no/produkter/26485-froosh-smoothie-paere-gronnkal-sitrongress/", "kolonial_id": "26485"},
  {"category": "Juice", "category_list": ["Alle varer", "Drikkevarer", "Juice"], "title": "Appelsinjuice", "price": 27.9, "product_variant": "1 l", "quantity_info": [[1.0, "l"]], "image_url": "/media/uploads/public/251/318/968318-1c0bd-product_list.jpg", "unit_price_raw": "kr 27,90 per l", "product_url": "https://kolonial.no/produkter/454-sunniva-appelsinjuice-1l/", "kolonial_id": "454"},
  {"category": "Vann og mineralvann", "category_list": ["Alle varer", "Drikkevarer", "Vann og mineralvann"], "title": "Farris Bris Sitron & Sitrongress", "price": 20.9, "product_variant": "0,5 l", "quantity_info": [[0.5, "l"]], "image_url": "/media/uploads/public/0/149/6949-56bf1-product_list.jpg", "unit_price_raw": "kr 41,80 per l", "product_url": "https://kolonial.no/produkter/7993-ringnes-farris-bris-sitron-sitrongress-05l/", "kolonial_id": "7993"},
  {"category": "Vann og mineralvann", "category_list": ["Alle varer", "Drikkevarer", "Vann og mineralvann"], "title": "Farris Bris Mango & Papaya", "price": 20.9, "product_variant": "0,5 l", "quantity_info": [[0.5, "l"]], "image_url": "/media/uploads/public/0/140/6940-d4a46-product_list.jpg", "unit_price_raw": "kr 41,80 per l", "product_url": "https://kolonial.no/produkter/509-ringnes-farris-bris-mango-papaya-05l/", "kolonial_id": "509"},
  {"category": "Bleier", "category_list": ["Alle varer", "Barneprodukter", "Bleier"], "title": "Lev Vel Bleier Maxi", "price": 37.3, "product_variant": "Str. 4 7-16 kg, 50 stk", "quantity_info": [[47.0, ""], [16.0, "kg"], [50.0, "stk"]], "image_url": "/media/uploads/public/232/90/969290-d4e05-product_list.jpg", "unit_price_raw": "kr 0,75 per stk", "product_url": "https://kolonial.no/produkter/17950-rema-1000-lev-vel-bleier-maxi-str-4-7-16-kg/", "kolonial_id": "17950"},
  {"category": "Spesialoster", "category_list": ["Alle varer", "Oster", "Spesialoster"], "title": "Castello Bl\u00e5", "price": 26.1, "product_variant": "150 g", "quantity_info": [[150.0, "g"]], "image_url": "/media/uploads/public/258/121/1004121-ef946-product_list.jpg", "unit_price_raw": "kr 174,00 per kg", "product_url": "https://kolonial.no/produkter/993-castello-castello-bla-150g/", "kolonial_id": "993"},
  {"category": "Julens p\u00e5legg", "category_list": ["Alle varer", "P\u00e5legg", "Julens p\u00e5legg"], "title": "Tungerull Oppsk\u00e5ret", "price": 44.0, "product_variant": "100 g", "quantity_info": [[100.0, "g"]], "image_url": "/media/uploads/public/343/344/966744-5d5e2-product_list.jpg", "unit_price_raw": "kr 440,00 per kg", "product_url": "https://kolonial.no/produkter/8984-nordfjord-tungerull-oppskaret-100g/", "kolonial_id": "8984"},
  {"category": "Brus", "category_list": ["Alle varer", "Drikkevarer", "Brus"], "title": "Mozell Eple & Drue", "price": 39.4, "product_variant": "1,5 l", "quantity_info": [[1.5, "l"]], "image_url": "/media/uploads/public/0/376/20776-5b210-product_list.jpg", "unit_price_raw": "kr 26,27 per l", "product_url": "https://kolonial.no/produkter/494-ringnes-mozell-eple-drue-1-5l/", "kolonial_id": "494"},
  {"category": "Hundemat", "category_list": ["Alle varer", "Dyremat", "Hundemat"], "title": "Hundef\u00f4r Voksen", "price": 154.2, "product_variant": "4 kg", "quantity_info": [[4.0, "kg"]], "image_url": "/media/uploads/public/375/31/971231-72873-product_list.jpg", "unit_price_raw": "kr 38,55 per kg", "product_url": "https://kolonial.no/produkter/23660-vetivo-hundefor-voksen/", "kolonial_id": "23660"},
  {"category": "Hundemat", "category_list": ["Alle varer", "Dyremat", "Hundemat"], "title": "Hundef\u00f4r Voksen", "price": 272.9, "product_variant": "9 kg", "quantity_info": [[9.0, "kg"]], "image_url": "/media/uploads/public/9/339/971139-65dac-product_list.jpg", "unit_price_raw": "kr 30,32 per kg", "product_url": "https://kolonial.no/produkter/23740-vetivo-hundefor-voksen/", "kolonial_id": "23740"},
  {"category": "Taco", "category_list": ["Alle varer", "Pizza og taco", "Taco"], "title": "Salsa Dip Medium", "price": 27.6, "product_variant": "312 g", "quantity_info": [[312.0, "g"]], "image_url": "/media/uploads/public/178/186/714986-b5333-product_list.jpg", "unit_price_raw": "kr 88,46 per kg", "product_url": "https://kolonial.no/produkter/27634-old-el-paso-salsa-dip-medium/", "kolonial_id": "27634"},
  {"category": "Buljong og fond", "category_list": ["Alle varer", "Olje og krydder", "Buljong og fond"], "title": "Buljonggele Lys", "price": 22.6, "product_variant": "0,5 l", "quantity_info": [[0.5, "l"]], "image_url": "/media/uploads/public/279/230/965430-e902d-product_list.jpg", "unit_price_raw": "kr 45,20 per l", "product_url": "https://kolonial.no/produkter/10673-toro-buljonggele-lys-05l/", "kolonial_id": "10673"},
  {"category": "Hjemmelaget pizza", "category_list": ["Alle varer", "Pizza og taco", "Hjemmelaget pizza"], "title": "Pepperoni Skivet", "price": 41.1, "product_variant": "130 g", "quantity_info": [[130.0, "g"]], "image_url": "/media/uploads/public/68/78/968478-a5e9d-product_list.jpg", "unit_price_raw": "kr 316,15 per kg", "product_url": "https://kolonial.no/produkter/15819-gilde-pepperoni-skivet/", "kolonial_id": "15819"},
  {"category": "Deodorant", "category_list": ["Alle varer", "Hygieneartikler", "Deodorant"], "title": "Invisible Dry Roll On", "price": 39.1, "product_variant": "50 ml", "quantity_info": [[50.0, "ml"]], "image_url": "/media/uploads/public/276/141/262541-3190f-product_list.jpg", "unit_price_raw": "kr 782,00 per l", "product_url": "https://kolonial.no/produkter/25533-dove-invisible-dry-roll/", "kolonial_id": "25533"},
  {"category": "Melk", "category_list": ["Alle varer", "Melk, meieriprodukter og egg", "Melk"], "title": "Styrk Kakao", "price": 42.5, "product_variant": "1 l", "quantity_info": [[1.0, "l"]], "image_url": "/media/uploads/public/0/226/19426-9ce51-product_list.jpg", "unit_price_raw": "kr 42,50 per l", "product_url": "https://kolonial.no/produkter/12160-tine-styrk-kakao-1l/", "kolonial_id": "12160"},
  {"category": "Melk", "category_list": ["Alle varer", "Melk, meieriprodukter og egg", "Melk"], "title": "Styrk Fettfri Melk", "price": 32.1, "product_variant": "1 l", "quantity_info": [[1.0, "l"]], "image_url": "/media/uploads/public/172/256/155856-cb123-product_list.jpg", "unit_price_raw": "kr 32,10 per l", "product_url": "https://kolonial.no/produkter/8140-tine-styrk-fettfri-melk-1l/", "kolonial_id": "8140"},
  {"category": "Bomull og ansiktsrens", "category_list": ["Alle varer", "Hygieneartikler", "Bomull og ansiktsrens"], "title": "Intimservietter", "price": 44.5, "product_variant": "30 stk", "quantity_info": [[30.0, "stk"]], "image_url": "/media/uploads/public/395/86/985286-1402b-product_list.jpg", "unit_price_raw": "kr 1,48 per stk", "product_url": "https://kolonial.no/produkter/27974-dr-greve-intimservietter/", "kolonial_id": "27974"},
  {"category": "Krydder", "category_list": ["Alle varer", "Olje og krydder", "Krydder"], "title": "Pommes Frites Krydder", "price": 32.4, "product_variant": "130 g", "quantity_info": [[130.0, "g"]], "image_url": "/media/uploads/public/98/133/968933-9e701-product_list.jpg", "unit_price_raw": "kr 249,23 per kg", "product_url": "https://kolonial.no/produkter/16753-hoff-pommes-frites-krydder/", "kolonial_id": "16753"},
  {"category": "Helsekost", "category_list": ["Alle varer", "Legemidler og helsekost", "Helsekost"], "title": "Omega-3", "price": 81.4, "product_variant": "120 stk", "quantity_info": [[120.0, "stk"]], "image_url": "/media/uploads/public/151/86/373286-4a006-product_list.jpg", "unit_price_raw": "kr 0,68 per stk", "product_url": "https://kolonial.no/produkter/26067-collett-omega-3/", "kolonial_id": "26067"},
  {"category": "Proteinbar og m\u00fcslibar", "category_list": ["Alle varer", "Legemidler og helsekost", "Proteinbar og m\u00fcslibar"], "title": "Bixithavrebar Bringeb\u00e6r & Quinoa", "price": 32.9, "product_variant": "4 stk, 120 g", "quantity_info": [[4.0, "stk"], [120.0, "g"]], "image_url": "/media/uploads/public/247/309/164709-877b0-product_list.jpg", "unit_price_raw": "kr 274,17 per kg", "product_url": "https://kolonial.no/produkter/22801-saetre-bixithavrebar-bringebaer-quinoa-4-stk/", "kolonial_id": "22801"},
  {"category": "Proteinbar og m\u00fcslibar", "category_list": ["Alle varer", "Legemidler og helsekost", "Proteinbar og m\u00fcslibar"], "title": "Flapjack Traneb\u00e6r", "price": 33.6, "product_variant": "Glutenfri, 0,09 kg", "quantity_info": [[0.09, "kg"]], "image_url": "/media/uploads/public/94/108/968908-bfa51-product_list.jpg", "unit_price_raw": "kr 373,33 per kg", "product_url": "https://kolonial.no/produkter/16969-semper-flapjack-tranebaer-glutenfri/", "kolonial_id": "16969"},
  {"category": "Bind og tamponger", "category_list": ["Alle varer", "Hygieneartikler", "Bind og tamponger"], "title": "Menstruasjonskopp Str. L", "price": 268.7, "product_variant": "\u00d8kologisk, 1 stk", "quantity_info": [[1.0, "stk"]], "image_url": "/media/uploads/public/131/11/128011-c10ef-product_list.jpg", "unit_price_raw": "kr 268,70 per stk", "product_url": "https://kolonial.no/produkter/23473-masmi-menstruasjonskopp-str-l-okologisk/", "kolonial_id": "23473"},
  {"category": "Kluter, svamper og hansker", "category_list": ["Alle varer", "T\u00f8rkepapir og vaskemidler", "Kluter, svamper og hansker"], "title": "Engangshansker", "price": 64.4, "product_variant": "Large, 100 stk", "quantity_info": [[100.0, "stk"]], "image_url": "/media/uploads/public/0/160/22960-529a7-product_list.jpg", "unit_price_raw": "kr 0,64 per stk", "product_url": "https://kolonial.no/produkter/11887-engangshansker-large/", "kolonial_id": "11887"},
  {"category": "Shampo og h\u00e5rprodukter", "category_list": ["Alle varer", "Shampo, s\u00e5pe og krem", "Shampo og h\u00e5rprodukter"], "title": "Shampoo Volumizing", "price": 103.9, "product_variant": "1 l", "quantity_info": [[1.0, "l"]], "image_url": "/media/uploads/public/120/80/152080-aa64c-product_list.jpg", "unit_price_raw": "kr 103,90 per l", "product_url": "https://kolonial.no/produkter/24860-fab-hair-shampoo-volumizing/", "kolonial_id": "24860"},
  {"category": "Krem", "category_list": ["Alle varer", "Shampo, s\u00e5pe og krem", "Krem"], "title": "Lypsyl", "price": 25.4, "product_variant": "Aloe Vera, 1 stk", "quantity_info": [[1.0, "stk"]], "image_url": "/media/uploads/public/252/134/964934-164ac-product_list.jpg", "unit_price_raw": "kr 25,40 per stk", "product_url": "https://kolonial.no/produkter/7009-lypsyl-lypsyl-aloe-vera-1stk/", "kolonial_id": "7009"},
  {"category": "Gulost", "category_list": ["Alle varer", "Oster", "Gulost"], "title": "Ridderost Skivet", "price": 43.0, "product_variant": "170 g", "quantity_info": [[170.0, "g"]], "image_url": "/media/uploads/public/182/357/966757-345d7-product_list.jpg", "unit_price_raw": "kr 252,94 per kg", "product_url": "https://kolonial.no/produkter/1243-tine-ridderost-skivet/", "kolonial_id": "1243"},
  {"category": "Fryst pizza", "category_list": ["Alle varer", "Pizza og taco", "Fryst pizza"], "title": "Pizza Rustica Bolognese", "price": 77.2, "product_variant": "570 g", "quantity_info": [[570.0, "g"]], "image_url": "/media/uploads/public/356/249/136249-f96cc-product_list.jpg", "unit_price_raw": "kr 135,44 per kg", "product_url": "https://kolonial.no/produkter/23865-dr-oetker-pizza-rustica-bolognese/", "kolonial_id": "23865"},
  {"category": "Tannpleie", "category_list": ["Alle varer", "Hygieneartikler", "Tannpleie"], "title": "Tannb\u00f8rste Target Medium", "price": 25.7, "product_variant": "1 stk", "quantity_info": [[1.0, "stk"]], "image_url": "/media/uploads/public/274/25/155225-b331f-product_list.jpg", "unit_price_raw": "kr 25,70 per stk", "product_url": "https://kolonial.no/produkter/25036-jordan-tannborste-target-medium/", "kolonial_id": "25036"},
  {"category": "Vaskemidler", "category_list": ["Alle varer", "T\u00f8rkepapir og vaskemidler", "Vaskemidler"], "title": "Jif Flytende Avl\u00f8ps\u00e5pner", "price": 60.9, "product_variant": "595 ml", "quantity_info": [[595.0, "ml"]], "image_url": "/media/uploads/public/139/357/126757-aeca3-product_list.jpg", "unit_price_raw": "kr 102,35 per l", "product_url": "https://kolonial.no/produkter/23362-jif-jif-flytende-avlopsapner/", "kolonial_id": "23362"},
  {"category": "Frossen fisk og sj\u00f8mat", "category_list": ["Alle varer", "Fisk og sj\u00f8mat", "Frossen fisk og sj\u00f8mat"], "title": "Torskefilet Sj\u00f8frosset", "price": 239.0, "product_variant": "2 kg", "quantity_info": [[2.0, "kg"]], "image_url": "/media/uploads/public/396/20/968420-a5b3e-product_list.jpg", "unit_price_raw": "kr 119,50 per kg", "product_url": "https://kolonial.no/produkter/4411-brodrene-sperre-torskefilet-sjofrosset-2kg/", "kolonial_id": "4411"},
  {"category": "Baketilbeh\u00f8r", "category_list": ["Alle varer", "Mel og bakeingredienser", "Baketilbeh\u00f8r"], "title": "Vanilla Paste", "price": 50.9, "product_variant": "100 g", "quantity_info": [[100.0, "g"]], "image_url": "/media/uploads/public/341/398/134798-c7d49-product_list.jpg", "unit_price_raw": "kr 509,00 per kg", "product_url": "https://kolonial.no/produkter/23768-dr-oetker-vanilla-paste/", "kolonial_id": "23768"},
  {"category": "Hermetisert sj\u00f8mat", "category_list": ["Alle varer", "Fisk og sj\u00f8mat", "Hermetisert sj\u00f8mat"], "title": "Peppersild", "price": 41.5, "product_variant": "380 g", "quantity_info": [[380.0, "g"]], "image_url": "/media/uploads/public/170/36/969236-dd465-product_list.jpg", "unit_price_raw": "kr 109,21 per kg", "product_url": "https://kolonial.no/produkter/17857-delikat-peppersild/", "kolonial_id": "17857"},
  {"category": "Hermetisert sj\u00f8mat", "category_list": ["Alle varer", "Fisk og sj\u00f8mat", "Hermetisert sj\u00f8mat"], "title": "Skutesild", "price": 46.3, "product_variant": "600 g", "quantity_info": [[600.0, "g"]], "image_url": "/media/uploads/public/268/207/133407-f9cde-product_list.jpg", "unit_price_raw": "kr 77,17 per kg", "product_url": "https://kolonial.no/produkter/23733-sildakongen-skutesild/", "kolonial_id": "23733"},
  {"category": "Klesvask", "category_list": ["Alle varer", "T\u00f8rkepapir og vaskemidler", "Klesvask"], "title": "T\u00f8ymykner Normal", "price": 21.5, "product_variant": "750 ml", "quantity_info": [[750.0, "ml"]], "image_url": "/media/uploads/public/75/302/964302-6f9ea-product_list.jpg", "unit_price_raw": "kr 28,67 per l", "product_url": "https://kolonial.no/produkter/7717-neutral-toymykner-normal/", "kolonial_id": "7717"},
  {"category": "Fersk fisk", "category_list": ["Alle varer", "Fisk og sj\u00f8mat", "Fersk fisk"], "title": "Laksefilet Naturell", "price": 96.9, "product_variant": "500 g", "quantity_info": [[500.0, "g"]], "image_url": "/media/uploads/public/276/339/697139-5687a-product_list_large.jpg", "unit_price_raw": "kr 193,80 per kg", "product_url": "https://kolonial.no/produkter/27246-laksefilet-naturell/", "kolonial_id": "27246"},
  {"category": "Oljer og dressinger", "category_list": ["Alle varer", "Olje og krydder", "Oljer og dressinger"], "title": "Eddikessens", "price": 37.4, "product_variant": "35% Klar, 500 ml", "quantity_info": [[35.0, "Klar"], [500.0, "ml"]], "image_url": "/media/uploads/public/0/3/88003-3c688-product_list.jpg", "unit_price_raw": "kr 74,80 per l", "product_url": "https://kolonial.no/produkter/21241-grimsoy-eddikessens-klar/", "kolonial_id": "21241"},
  {"category": "Ferdigmikser", "category_list": ["Alle varer", "Mel og bakeingredienser", "Ferdigmikser"], "title": "Focaccia", "price": 31.6, "product_variant": "500 g", "quantity_info": [[500.0, "g"]], "image_url": "/media/uploads/public/67/126/967326-69b4b-product_list.jpg", "unit_price_raw": "kr 63,20 per kg", "product_url": "https://kolonial.no/produkter/12883-mollerens-focaccia-500g/", "kolonial_id": "12883"},
  {"category": "Tyggis og pastiller", "category_list": ["Alle varer", "Snacks og godteri", "Tyggis og pastiller"], "title": "Extra Sweet Fruit", "price": 16.6, "product_variant": "Sukkerfri, 1 stk", "quantity_info": [[1.0, "stk"]], "image_url": "/media/uploads/public/115/145/965745-6c231-product_list.jpg", "unit_price_raw": "kr 16,60 per stk", "product_url": "https://kolonial.no/produkter/315-extra-sweet-fruit/", "kolonial_id": "315"},
  {"category": "Frokostblandinger og gryn", "category_list": ["Alle varer", "Br\u00f8d og frokostblandinger", "Frokostblandinger og gryn"], "title": "Granola Solb\u00e6r", "price": 49.5, "product_variant": "475 g", "quantity_info": [[475.0, "g"]], "image_url": "/media/uploads/public/345/71/985271-28e8b-product_list.jpg", "unit_price_raw": "kr 104,21 per kg", "product_url": "https://kolonial.no/produkter/19774-axa-granola-solbaer/", "kolonial_id": "19774"},
  {"category": "Bursdag", "category_list": ["Alle varer", "Barneprodukter", "Bursdag"], "title": "Invitasjoner Spiderman", "price": 31.8, "product_variant": "6 stk", "quantity_info": [[6.0, "stk"]], "image_url": "/media/uploads/public/0/87/46087-4527b-product_list.jpg", "unit_price_raw": "kr 5,30 per stk", "product_url": "https://kolonial.no/produkter/15088-invitasjoner-spiderman/", "kolonial_id": "15088"},
  {"category": "Supper", "category_list": ["Alle varer", "Middager og tilbeh\u00f8r", "Supper"], "title": "Bergensk Fiskesuppe", "price": 20.8, "product_variant": "81g, 1 l", "quantity_info": [[81.0, "g"], [1.0, "l"]], "image_url": "/media/uploads/public/59/123/967323-41180-product_list.jpg", "unit_price_raw": "kr 20,80 per l", "product_url": "https://kolonial.no/produkter/10718-toro-bergensk-fiskesuppe-81g/", "kolonial_id": "10718"},
  {"category": "Knekkebr\u00f8d", "category_list": ["Alle varer", "Br\u00f8d og frokostblandinger", "Knekkebr\u00f8d"], "title": "Ryvita Muesli Crunch", "price": 29.9, "product_variant": "Knekkebr\u00f8d, 200 g", "quantity_info": [[200.0, "g"]], "image_url": "/media/uploads/public/171/322/964322-cbe64-product_list.jpg", "unit_price_raw": "kr 149,50 per kg", "product_url": "https://kolonial.no/produkter/1155-ryvita-ryvita-muesli-crunch-knekkebrod-200g/", "kolonial_id": "1155"},
  {"category": "Knekkebr\u00f8d", "category_list": ["Alle varer", "Br\u00f8d og frokostblandinger", "Knekkebr\u00f8d"], "title": "Ryvita Multigrain", "price": 28.9, "product_variant": "Knekkebr\u00f8d, 250 g", "quantity_info": [[250.0, "g"]], "image_url": "/media/uploads/public/281/249/964249-23f6e-product_list.jpg", "unit_price_raw": "kr 115,60 per kg", "product_url": "https://kolonial.no/produkter/7744-ryvita-ryvita-multigrain-knekkebrod/", "kolonial_id": "7744"},
  {"category": "Langtidsholdbare br\u00f8d", "category_list": ["Alle varer", "Br\u00f8d og frokostblandinger", "Langtidsholdbare br\u00f8d"], "title": "Minibaguetter Grove", "price": 20.8, "product_variant": "8x75g, 600 g", "quantity_info": [[8.0, "x"], [75.0, "g"], [600.0, "g"]], "image_url": "/media/uploads/public/8/45/967645-2b872-product_list.jpg", "unit_price_raw": "kr 34,67 per kg", "product_url": "https://kolonial.no/produkter/13381-rema-1000-minibaguetter-grove-8x75g/", "kolonial_id": "13381"},
  {"category": "Pasta og nudler", "category_list": ["Alle varer", "Middager og tilbeh\u00f8r", "Pasta og nudler"], "title": "Penne Rigate Glutenfri", "price": 39.1, "product_variant": "500 g", "quantity_info": [[500.0, "g"]], "image_url": "/media/uploads/public/126/57/158057-3bdd5-product_list.jpg", "unit_price_raw": "kr 78,20 per kg", "product_url": "https://kolonial.no/produkter/25223-rummo-penne-rigate-glutenfri/", "kolonial_id": "25223"},
  {"category": "Hermetisert frukt og gr\u00f8nt", "category_list": ["Alle varer", "Frukt og gr\u00f8nt", "Hermetisert frukt og gr\u00f8nt"], "title": "Kidneyb\u00f8nner", "price": 9.4, "product_variant": "420 g", "quantity_info": [[420.0, "g"]], "image_url": "/media/uploads/public/100/238/973838-99509-product_list.jpg", "unit_price_raw": "kr 22,38 per kg", "product_url": "https://kolonial.no/produkter/8594-rema-1000-kidneybonner-420g/", "kolonial_id": "8594"},
  {"category": "Ferdige middagsretter", "category_list": ["Alle varer", "Middager og tilbeh\u00f8r", "Ferdige middagsretter"], "title": "Risgr\u00f8t", "price": 32.9, "product_variant": "970 g", "quantity_info": [[970.0, "g"]], "image_url": "/media/uploads/public/57/277/509477-a11bb-product_list.jpg", "unit_price_raw": "kr 33,92 per kg", "product_url": "https://kolonial.no/produkter/16786-fjordland-risgrot/", "kolonial_id": "16786"},
  {"category": "Ferdigsauser", "category_list": ["Alle varer", "Middager og tilbeh\u00f8r", "Ferdigsauser"], "title": "Soppsaus", "price": 20.0, "product_variant": "250 ml", "quantity_info": [[250.0, "ml"]], "image_url": "/media/uploads/public/270/52/693252-562bb-product_list.jpg", "unit_price_raw": "kr 80,00 per l", "product_url": "https://kolonial.no/produkter/18169-stanges-gardsprodukter-soppsaus/", "kolonial_id": "18169"},
  {"category": "P\u00f8lser", "category_list": ["Alle varer", "Kj\u00f8tt og kylling", "P\u00f8lser"], "title": "Ostegrill", "price": 33.8, "product_variant": "350 g", "quantity_info": [[350.0, "g"]], "image_url": "/media/uploads/public/285/313/140713-6aa78-product_list.jpg", "unit_price_raw": "kr 96,57 per kg", "product_url": "https://kolonial.no/produkter/24037-nordfjord-ostegrill/", "kolonial_id": "24037"},
  {"category": "Kontor", "category_list": ["Alle varer", "Husholdning og tekstil", "Kontor"], "title": "Malepensler", "price": 39.1, "product_variant": "1 stk", "quantity_info": [[1.0, "stk"]], "image_url": "/media/uploads/public/243/240/146240-7f9f7-product_list.jpg", "unit_price_raw": "kr 39,10 per stk", "product_url": "https://kolonial.no/produkter/24464-malepensler/", "kolonial_id": "24464"},
  {"category": "Kontor", "category_list": ["Alle varer", "Husholdning og tekstil", "Kontor"], "title": "Korrektur Roller", "price": 30.1, "product_variant": "1 stk", "quantity_info": [[1.0, "stk"]], "image_url": "/media/uploads/public/0/259/45859-abc6a-product_list.jpg", "unit_price_raw": "kr 30,10 per stk", "product_url": "https://kolonial.no/produkter/14740-korrektur-roller/", "kolonial_id": "14740"},
  {"category": "Kj\u00f8ttboller og karbonader", "category_list": ["Alle varer", "Kj\u00f8tt og kylling", "Kj\u00f8ttboller og karbonader"], "title": "Meatish Boller", "price": 53.0, "product_variant": "0% Kj\u00f8tt, 500 g", "quantity_info": [[0.0, "Kj\u00f8tt"], [500.0, "g"]], "image_url": "/media/uploads/public/355/43/208843-fd894-product_list.jpg", "unit_price_raw": "kr 106,00 per kg", "product_url": "https://kolonial.no/produkter/25316-rema-1000-meatish-boller-0-kjott/", "kolonial_id": "25316"},
  {"category": "Engangs og Servietter", "category_list": ["Alle varer", "Husholdning og tekstil", "Engangs og Servietter"], "title": "Muffinsformer Design", "price": 31.8, "product_variant": "50 stk", "quantity_info": [[50.0, "stk"]], "image_url": "/media/uploads/public/240/18/134818-a4eab-product_list.jpg", "unit_price_raw": "kr 0,64 per stk", "product_url": "https://kolonial.no/produkter/23789-dr-oetker-muffinsformer-design/", "kolonial_id": "23789"},
  {"category": "Gr\u00f8nnsaker", "category_list": ["Alle varer", "Frukt og gr\u00f8nt", "Gr\u00f8nnsaker"], "title": "Purrel\u00f8k", "price": 9.7, "product_variant": "Norge, 1 stk", "quantity_info": [[1.0, "stk"]], "image_url": "/media/uploads/public/0/221/3421-d576b-product_list.jpg", "unit_price_raw": "kr 42,17 per kg", "product_url": "https://kolonial.no/produkter/10040-purrelok-norge/", "kolonial_id": "10040"},
  {"category": "Frukt", "category_list": ["Alle varer", "Frukt og gr\u00f8nt", "Frukt"], "title": "Kokosn\u00f8tt", "price": 20.9, "product_variant": "Elfenbenkysten, 1 stk", "quantity_info": [[1.0, "stk"]], "image_url": "/media/uploads/public/0/372/91972-34161-product_list.jpg", "unit_price_raw": "kr 41,80 per kg", "product_url": "https://kolonial.no/produkter/19678-kokosnott-elfenbenkysten/", "kolonial_id": "19678"},
  {"category": "Frukt", "category_list": ["Alle varer", "Frukt og gr\u00f8nt", "Frukt"], "title": "Ananas Gold", "price": 33.0, "product_variant": "Costa Rica, 1 stk", "quantity_info": [[1.0, "stk"]], "image_url": "/media/uploads/public/0/249/11849-33308-product_list.jpg", "unit_price_raw": "kr 23,57 per kg", "product_url": "https://kolonial.no/produkter/9314-dole-ananas-gold-costa-rica/", "kolonial_id": "9314"},
  {"category": "Middags-kit og gryteretter", "category_list": ["Alle varer", "Middager og tilbeh\u00f8r", "Middags-kit og gryteretter"], "title": "Havregr\u00f8t Kli & R\u00f8de B\u00e6r", "price": 11.1, "product_variant": "65 g", "quantity_info": [[65.0, "g"]], "image_url": "/media/uploads/public/329/366/968366-b4b99-product_list.jpg", "unit_price_raw": "kr 170,77 per kg", "product_url": "https://kolonial.no/produkter/15190-rema-1000-havregrot-kli-rode-baer-65g/", "kolonial_id": "15190"},
  {"category": "Posesauser", "category_list": ["Alle varer", "Middager og tilbeh\u00f8r", "Posesauser"], "title": "Laksepanne Kremet Sitron", "price": 30.6, "product_variant": "62 g", "quantity_info": [[62.0, "g"]], "image_url": "/media/uploads/public/96/171/968171-43992-product_list.jpg", "unit_price_raw": "kr 493,55 per kg", "product_url": "https://kolonial.no/produkter/14452-toro-laksepanne-kremet-sitron-62g/", "kolonial_id": "14452"},
  {"category": "Middagstilbeh\u00f8r", "category_list": ["Alle varer", "Middager og tilbeh\u00f8r", "Middagstilbeh\u00f8r"], "title": "Paprikar\u00f8re", "price": 32.9, "product_variant": "150 g", "quantity_info": [[150.0, "g"]], "image_url": "/media/uploads/public/396/386/973986-9976d-product_list.jpg", "unit_price_raw": "kr 219,33 per kg", "product_url": "https://kolonial.no/produkter/27835-sevan-paprikasalat/", "kolonial_id": "27835"},
  {"category": "Kylling, kalkun og and", "category_list": ["Alle varer", "Kj\u00f8tt og kylling", "Kylling, kalkun og and"], "title": "Grillede Kyllingl\u00e5r", "price": 61.7, "product_variant": "750 g", "quantity_info": [[750.0, "g"]], "image_url": "/media/uploads/public/265/359/1001559-f4bb2-product_list.jpg", "unit_price_raw": "kr 82,27 per kg", "product_url": "https://kolonial.no/produkter/27986-ytteroy-kylling-grillede-kyllinglar/", "kolonial_id": "27986"},
  {"category": "Smoothie, yoghurt og mellomm\u00e5ltid", "category_list": ["Alle varer", "Barneprodukter", "Smoothie, yoghurt og mellomm\u00e5ltid"], "title": "The Green One, Smoothie", "price": 18.2, "product_variant": "Fra 6 mnd, 90 g", "quantity_info": [[6.0, "mnd"], [90.0, "g"]], "image_url": "/media/uploads/public/212/349/969149-77d06-product_list.jpg", "unit_price_raw": "kr 202,22 per kg", "product_url": "https://kolonial.no/produkter/795-ellas-kitchen-green-one-smoothie-fra-6-mnd-90g/", "kolonial_id": "795"},
  {"category": "Poser og folie", "category_list": ["Alle varer", "Husholdning og tekstil", "Poser og folie"], "title": "Avfallssekk", "price": 42.2, "product_variant": "125l, 10 stk", "quantity_info": [[125.0, "l"], [10.0, "stk"]], "image_url": "/media/uploads/public/298/238/332238-43c70-product_list.jpg", "unit_price_raw": "kr 4,22 per stk", "product_url": "https://kolonial.no/produkter/25578-rema-1000-avfallssekk-125l/", "kolonial_id": "25578"},
  {"category": "Gr\u00f8t", "category_list": ["Alle varer", "Barneprodukter", "Gr\u00f8t"], "title": "Havregr\u00f8t", "price": 72.1, "product_variant": "Fra 6 mnd, 16 porsjoner, 480 g", "quantity_info": [[6.0, "mnd"], [16.0, "porsjoner"], [480.0, "g"]], "image_url": "/media/uploads/public/129/208/969808-95be7-product_list.jpg", "unit_price_raw": "kr 150,21 per kg", "product_url": "https://kolonial.no/produkter/1486-hipp-havregrot-fra-6-mnd-16-porsjoner/", "kolonial_id": "1486"},
  {"category": "Gr\u00f8t", "category_list": ["Alle varer", "Barneprodukter", "Gr\u00f8t"], "title": "Mild Fullkornsgr\u00f8t", "price": 70.9, "product_variant": "Fra 8 mnd, 16 porsjoner, 480 g", "quantity_info": [[8.0, "mnd"], [16.0, "porsjoner"], [480.0, "g"]], "image_url": "/media/uploads/public/80/253/969853-7e39e-product_list.jpg", "unit_price_raw": "kr 147,71 per kg", "product_url": "https://kolonial.no/produkter/5914-hipp-mild-fullkornsgrot-fra-8-mnd-16-porsjoner/", "kolonial_id": "5914"},
  {"category": "Honning og s\u00f8tp\u00e5legg", "category_list": ["Alle varer", "P\u00e5legg", "Honning og s\u00f8tp\u00e5legg"], "title": "Nugatti S\u00f8tt, Salt og Spr\u00f8tt", "price": 44.5, "product_variant": "325 g", "quantity_info": [[325.0, "g"]], "image_url": "/media/uploads/public/249/157/973357-c8bd3-product_list.jpg", "unit_price_raw": "kr 136,92 per kg", "product_url": "https://kolonial.no/produkter/27352-stabburet-nugatti-sott-salt-og-sprott/", "kolonial_id": "27352"},
  {"category": "Snus", "category_list": ["Alle varer", "Snus og tobakk", "Snus"], "title": "G3 Slim White Strong Pswl", "price": 89.9, "product_variant": "22 g", "quantity_info": [[22.0, "g"]], "image_url": "https://kolonial.no/static/products/img/placeholder.bffcea8d3530.png", "unit_price_raw": "kr 4086,36 per kg", "product_url": "https://kolonial.no/produkter/16089-g3-g3-slim-white-strong-pswl/", "kolonial_id": "16089"},
  {"category": "Sigaretter", "category_list": ["Alle varer", "Snus og tobakk", "Sigaretter"], "title": "Marlboro Red 100", "price": 124.9, "product_variant": "20 stk", "quantity_info": [[20.0, "stk"]], "image_url": "https://kolonial.no/static/products/img/placeholder.bffcea8d3530.png", "unit_price_raw": "kr 6,25 per stk", "product_url": "https://kolonial.no/produkter/15552-marlboro-marlboro-red-100/", "kolonial_id": "15552"},
  {"category": "Leverpostei", "category_list": ["Alle varer", "P\u00e5legg", "Leverpostei"], "title": "Ovnsbakt Leverpostei", "price": 29.9, "product_variant": "Med Bacon, 180 g", "quantity_info": [[180.0, "g"]], "image_url": "/media/uploads/public/40/65/984065-ba78b-product_list.jpg", "unit_price_raw": "kr 166,11 per kg", "product_url": "https://kolonial.no/produkter/27918-gilde-ovnsbakt-leverpostei-med-bacon/", "kolonial_id": "27918"},
  {"category": "Majones og tubep\u00e5legg", "category_list": ["Alle varer", "P\u00e5legg", "Majones og tubep\u00e5legg"], "title": "Majones, Lett", "price": 13.2, "product_variant": "375 g", "quantity_info": [[375.0, "g"]], "image_url": "/media/uploads/public/105/383/967583-1b3f0-product_list.jpg", "unit_price_raw": "kr 35,20 per kg", "product_url": "https://kolonial.no/produkter/15603-salatmestern-majones-lett/", "kolonial_id": "15603"},
  {"category": "Syltet\u00f8y", "category_list": ["Alle varer", "P\u00e5legg", "Syltet\u00f8y"], "title": "Syltet\u00f8y Appelsin", "price": 25.0, "product_variant": "\u00d8kologisk, 230 g", "quantity_info": [[230.0, "g"]], "image_url": "/media/uploads/public/27/1/644001-4b65c-product_list.jpg", "unit_price_raw": "kr 108,70 per kg", "product_url": "https://kolonial.no/produkter/26215-kolonihagen-syltetoy-appelsin-okologisk/", "kolonial_id": "26215"},
  {"category": "Fiskep\u00e5legg", "category_list": ["Alle varer", "P\u00e5legg", "Fiskep\u00e5legg"], "title": "Tomatsild", "price": 33.8, "product_variant": "380 g", "quantity_info": [[380.0, "g"]], "image_url": "/media/uploads/public/272/289/967089-e9bc8-product_list.jpg", "unit_price_raw": "kr 88,95 per kg", "product_url": "https://kolonial.no/produkter/7891-delikat-tomatsild-380g/", "kolonial_id": "7891"},
  {"category": "Kj\u00f8tt- og kyllingp\u00e5legg", "category_list": ["Alle varer", "P\u00e5legg", "Kj\u00f8tt- og kyllingp\u00e5legg"], "title": "Hamburgerrygg H\u00e5ndlaget", "price": 29.9, "product_variant": "100 g", "quantity_info": [[100.0, "g"]], "image_url": "/media/uploads/public/10/24/978424-26086-product_list.jpg", "unit_price_raw": "kr 299,00 per kg", "product_url": "https://kolonial.no/produkter/22939-finsbraten-hamburgerrygg-handlaget/", "kolonial_id": "22939"},
  {"category": "Kj\u00f8tt- og kyllingp\u00e5legg", "category_list": ["Alle varer", "P\u00e5legg", "Kj\u00f8tt- og kyllingp\u00e5legg"], "title": "Ribberull H\u00e5ndlaget", "price": 38.4, "product_variant": "100 g", "quantity_info": [[100.0, "g"]], "image_url": "/media/uploads/public/75/22/978422-a1a78-product_list.jpg", "unit_price_raw": "kr 384,00 per kg", "product_url": "https://kolonial.no/produkter/22879-finsbraten-ribberull-handlaget/", "kolonial_id": "22879"},
  {"category": "Spekemat og salami", "category_list": ["Alle varer", "P\u00e5legg", "Spekemat og salami"], "title": "Kryddersalami", "price": 47.5, "product_variant": "150 g", "quantity_info": [[150.0, "g"]], "image_url": "/media/uploads/public/262/184/966584-ed369-product_list.jpg", "unit_price_raw": "kr 316,67 per kg", "product_url": "https://kolonial.no/produkter/4732-nordfjord-kryddersalami-150g/", "kolonial_id": "4732"},
  {"category": "Kattemat", "category_list": ["Alle varer", "Dyremat", "Kattemat"], "title": "Fjerkr\u00e6 Delikatesser", "price": 73.5, "product_variant": "680 g", "quantity_info": [[680.0, "g"]], "image_url": "/media/uploads/public/151/47/155247-9a694-product_list.jpg", "unit_price_raw": "kr 108,09 per kg", "product_url": "https://kolonial.no/produkter/25061-sheba-fjerkrae-delikatesser/", "kolonial_id": "25061"},
  {"category": "Fl\u00f8te og r\u00f8mmeprodukter", "category_list": ["Alle varer", "Melk, meieriprodukter og egg", "Fl\u00f8te og r\u00f8mmeprodukter"], "title": "Kesam", "price": 20.1, "product_variant": "Med Lime, 300 g", "quantity_info": [[300.0, "g"]], "image_url": "/media/uploads/public/0/190/19390-9830d-product_list.jpg", "unit_price_raw": "kr 67,00 per kg", "product_url": "https://kolonial.no/produkter/12172-tine-kesam-med-lime-300g/", "kolonial_id": "12172"},
  {"category": "Yoghurt", "category_list": ["Alle varer", "Melk, meieriprodukter og egg", "Yoghurt"], "title": "Havrelunsj med Eple og Kanel", "price": 16.8, "product_variant": "150 g", "quantity_info": [[150.0, "g"]], "image_url": "/media/uploads/public/383/123/138923-73821-product_list.jpg", "unit_price_raw": "kr 112,00 per kg", "product_url": "https://kolonial.no/produkter/21628-fjordland-havrelunsj-med-eple-og-kanel/", "kolonial_id": "21628"},
  {"category": "Sm\u00f8r og margarin", "category_list": ["Alle varer", "Melk, meieriprodukter og egg", "Sm\u00f8r og margarin"], "title": "Melange Margarin", "price": 25.7, "product_variant": "500 g", "quantity_info": [[500.0, "g"]], "image_url": "/media/uploads/public/379/91/1010891-e9b43-product_list.jpg", "unit_price_raw": "kr 51,40 per kg", "product_url": "https://kolonial.no/produkter/1741-melange-melange-margarin-500g/", "kolonial_id": "1741"},
  {"category": "Sm\u00f8r og margarin", "category_list": ["Alle varer", "Melk, meieriprodukter og egg", "Sm\u00f8r og margarin"], "title": "Melange Margarin", "price": 50.3, "product_variant": "1 kg", "quantity_info": [[1.0, "kg"]], "image_url": "/media/uploads/public/315/193/972193-992a7-product_list.jpg", "unit_price_raw": "kr 50,30 per kg", "product_url": "https://kolonial.no/produkter/3142-melange-melange-margarin-1kg/", "kolonial_id": "3142"},
  {"category": "Te", "category_list": ["Alle varer", "Drikkevarer", "Te"], "title": "Kamille, Honning & Vanilje-te", "price": 60.9, "product_variant": "Infuso, 20 stk", "quantity_info": [[20.0, "stk"]], "image_url": "/media/uploads/public/135/71/976471-1639d-product_list.jpg", "unit_price_raw": "kr 3,05 per stk", "product_url": "https://kolonial.no/produkter/27193-twinings-kamille-honning-vanilje-te-infuso/", "kolonial_id": "27193"},
  {"category": "Te", "category_list": ["Alle varer", "Drikkevarer", "Te"], "title": "Ricola Urtete", "price": 47.1, "product_variant": "200 g", "quantity_info": [[200.0, "g"]], "image_url": "/media/uploads/public/152/301/971901-93f3b-product_list.jpg", "unit_price_raw": "kr 235,50 per kg", "product_url": "https://kolonial.no/produkter/17563-ricola-ricola-urtete/", "kolonial_id": "17563"},
  {"category": "Kaffe", "category_list": ["Alle varer", "Drikkevarer", "Kaffe"], "title": "Nero Espresso", "price": 85.0, "product_variant": "Hele B\u00f8nner, 500 g", "quantity_info": [[500.0, "g"]], "image_url": "/media/uploads/public/260/98/142498-57bf8-product_list.jpg", "unit_price_raw": "kr 170,00 per kg", "product_url": "https://kolonial.no/produkter/23996-arvid-nordquist-nero-espresso-hele-bonner/", "kolonial_id": "23996"},
  {"category": "Saft", "category_list": ["Alle varer", "Drikkevarer", "Saft"], "title": "Villbringeb\u00e6r", "price": 40.5, "product_variant": "0,8 l", "quantity_info": [[0.8, "l"]], "image_url": "/media/uploads/public/48/181/969381-4971b-product_list.jpg", "unit_price_raw": "kr 50,63 per l", "product_url": "https://kolonial.no/produkter/18145-zeroh-villbringebaer/", "kolonial_id": "18145"},
  {"category": "Smoothie", "category_list": ["Alle varer", "Drikkevarer", "Smoothie"], "title": "Smoothie Stjernefrukt & Yuzu", "price": 21.5, "product_variant": "250 ml", "quantity_info": [[250.0, "ml"]], "image_url": "/media/uploads/public/182/327/262327-d8c17-product_list.jpg", "unit_price_raw": "kr 86,00 per l", "product_url": "https://kolonial.no/produkter/25508-froosh-smoothie-stjernefrukt-yuzu/", "kolonial_id": "25508"},
  {"category": "Juice", "category_list": ["Alle varer", "Drikkevarer", "Juice"], "title": "Orginal Eplejuice", "price": 21.8, "product_variant": "1 l", "quantity_info": [[1.0, "l"]], "image_url": "/media/uploads/public/222/326/968326-5dd9f-product_list.jpg", "unit_price_raw": "kr 21,80 per l", "product_url": "https://kolonial.no/produkter/849-sunniva-orginal-eplejuice-1l/", "kolonial_id": "849"},
  {"category": "Juice", "category_list": ["Alle varer", "Drikkevarer", "Juice"], "title": "Eplejuice Premium", "price": 33.1, "product_variant": "Sydtyrol-epler, 1 l", "quantity_info": [[1.0, "l"]], "image_url": "/media/uploads/public/339/171/123771-2d305-product_list.jpg", "unit_price_raw": "kr 33,10 per l", "product_url": "https://kolonial.no/produkter/1297-tine-eplejuice-premium-sydtyrol-epler-1l/", "kolonial_id": "1297"},
  {"category": "Vann og mineralvann", "category_list": ["Alle varer", "Drikkevarer", "Vann og mineralvann"], "title": "Taffel vann", "price": 11.9, "product_variant": "m/kullsyre, 1,5 l", "quantity_info": [[1.5, "l"]], "image_url": "/media/uploads/public/208/239/973839-6ed86-product_list.jpg", "unit_price_raw": "kr 7,93 per l", "product_url": "https://kolonial.no/produkter/16750-grans-bryggeri-taffel-vann-mkullsyre/", "kolonial_id": "16750"},
  {"category": "Bleier", "category_list": ["Alle varer", "Barneprodukter", "Bleier"], "title": "Buksebleier Junior", "price": 34.8, "product_variant": "Str.5 10-18kg, 30 stk", "quantity_info": [[510.0, ""], [18.0, "kg"], [30.0, "stk"]], "image_url": "/media/uploads/public/193/191/972991-e0355-product_list.jpg", "unit_price_raw": "kr 1,16 per stk", "product_url": "https://kolonial.no/produkter/18220-rema-1000-buksebleier-junior-str5-10-18kg/", "kolonial_id": "18220"},
  {"category": "Spesialoster", "category_list": ["Alle varer", "Oster", "Spesialoster"], "title": "Selbu Bl\u00e5", "price": 34.6, "product_variant": "150 g", "quantity_info": [[150.0, "g"]], "image_url": "/media/uploads/public/144/218/966618-d14e7-product_list.jpg", "unit_price_raw": "kr 230,67 per kg", "product_url": "https://kolonial.no/produkter/2284-tine-selbu-bla-150g/", "kolonial_id": "2284"},
  {"category": "Brus", "category_list": ["Alle varer", "Drikkevarer", "Brus"], "title": "Mozell Light", "price": 34.8, "product_variant": "Eple & Drue, 1,5 l", "quantity_info": [[1.5, "l"]], "image_url": "/media/uploads/public/0/337/20737-310b7-product_list.jpg", "unit_price_raw": "kr 23,20 per l", "product_url": "https://kolonial.no/produkter/12622-ringnes-mozell-light-eple-drue-15l/", "kolonial_id": "12622"},
  {"category": "Brus", "category_list": ["Alle varer", "Drikkevarer", "Brus"], "title": "Villa", "price": 38.8, "product_variant": "1,5 l", "quantity_info": [[1.5, "l"]], "image_url": "/media/uploads/public/0/364/20764-ee31f-product_list.jpg", "unit_price_raw": "kr 25,87 per l", "product_url": "https://kolonial.no/produkter/8035-ringnes-villa-15l/", "kolonial_id": "8035"},
  {"category": "Hundemat", "category_list": ["Alle varer", "Dyremat", "Hundemat"], "title": "Hundef\u00f4r Aktiv", "price": 299.6, "product_variant": "9 kg", "quantity_info": [[9.0, "kg"]], "image_url": "/media/uploads/public/319/100/188100-84f49-product_list.jpg", "unit_price_raw": "kr 33,29 per kg", "product_url": "https://kolonial.no/produkter/25147-vetivo-hundefor-aktiv/", "kolonial_id": "25147"},
  {"category": "Taco", "category_list": ["Alle varer", "Pizza og taco", "Taco"], "title": "Taco Sauce", "price": 15.1, "product_variant": "Hot, 230 g", "quantity_info": [[230.0, "g"]], "image_url": "/media/uploads/public/110/379/973979-a83d0-product_list.jpg", "unit_price_raw": "kr 65,65 per kg", "product_url": "https://kolonial.no/produkter/7258-taco-sauce-hot-oep-230-g/", "kolonial_id": "7258"},
  {"category": "Buljong og fond", "category_list": ["Alle varer", "Olje og krydder", "Buljong og fond"], "title": "Buljongpulver Lys", "price": 32.2, "product_variant": "Gir 7,5 l ferdig buljong, 7,5 l", "quantity_info": [[7.5, "lferdigbuljong"], [7.5, "l"]], "image_url": "/media/uploads/public/152/214/965414-633b5-product_list.jpg", "unit_price_raw": "kr 4,29 per l", "product_url": "https://kolonial.no/produkter/10667-toro-buljongpulver-lys-gir-75-l-ferdig-buljong/", "kolonial_id": "10667"},
  {"category": "Hjemmelaget pizza", "category_list": ["Alle varer", "Pizza og taco", "Hjemmelaget pizza"], "title": "Pepperoni", "price": 41.5, "product_variant": "100 g", "quantity_info": [[100.0, "g"]], "image_url": "/media/uploads/public/369/197/972597-b1343-product_list.jpg", "unit_price_raw": "kr 415,00 per kg", "product_url": "https://kolonial.no/produkter/16999-grilstad-pepperoni/", "kolonial_id": "16999"},
  {"category": "Deodorant", "category_list": ["Alle varer", "Hygieneartikler", "Deodorant"], "title": "Deo Unisex", "price": 9.3, "product_variant": "50 ml", "quantity_info": [[50.0, "ml"]], "image_url": "/media/uploads/public/24/373/966373-c6620-product_list.jpg", "unit_price_raw": "kr 186,00 per l", "product_url": "https://kolonial.no/produkter/5188-soft-style-deo-unisex-50ml/", "kolonial_id": "5188"},
  {"category": "Melk", "category_list": ["Alle varer", "Melk, meieriprodukter og egg", "Melk"], "title": "TineMelk Lett", "price": 15.1, "product_variant": "0,5 l", "quantity_info": [[0.5, "l"]], "image_url": "/media/uploads/public/366/254/155854-dc35a-product_list.jpg", "unit_price_raw": "kr 30,20 per l", "product_url": "https://kolonial.no/produkter/12016-tine-tinemelk-lett-05l/", "kolonial_id": "12016"},
  {"category": "Helsekost", "category_list": ["Alle varer", "Legemidler og helsekost", "Helsekost"], "title": "Gerimax Extreme Energy", "price": 127.9, "product_variant": "30 stk", "quantity_info": [[30.0, "stk"]], "image_url": "/media/uploads/public/307/126/1010926-63abe-product_list.jpg", "unit_price_raw": "kr 4,26 per stk", "product_url": "https://kolonial.no/produkter/26379-gerimax-extreme-energy/", "kolonial_id": "26379"},
  {"category": "Proteinbar og m\u00fcslibar", "category_list": ["Alle varer", "Legemidler og helsekost", "Proteinbar og m\u00fcslibar"], "title": "Maxim Protbar Peanut Jelly", "price": 34.5, "product_variant": "50 g", "quantity_info": [[50.0, "g"]], "image_url": "/media/uploads/public/252/217/972617-21809-product_list.jpg", "unit_price_raw": "kr 34,50 per stk", "product_url": "https://kolonial.no/produkter/26596-maxim-maxim-protbar-peanut-jelly/", "kolonial_id": "26596"},
  {"category": "Proteinbar og m\u00fcslibar", "category_list": ["Alle varer", "Legemidler og helsekost", "Proteinbar og m\u00fcslibar"], "title": "Maxim Xl Protein Bar Coconut", "price": 47.6, "product_variant": "82 g", "quantity_info": [[82.0, "g"]], "image_url": "/media/uploads/public/260/241/534641-73d41-product_list.jpg", "unit_price_raw": "kr 580,49 per kg", "product_url": "https://kolonial.no/produkter/26394-maxim-maxim-xl-protein-bar-coconut/", "kolonial_id": "26394"},
  {"category": "Bind og tamponger", "category_list": ["Alle varer", "Hygieneartikler", "Bind og tamponger"], "title": "Bind med Vinger Natt, Ikke Klorbleket", "price": 42.1, "product_variant": "\u00d8kologisk, 10 stk", "quantity_info": [[10.0, "stk"]], "image_url": "/media/uploads/public/340/134/128134-ad716-product_list.jpg", "unit_price_raw": "kr 4,21 per stk", "product_url": "https://kolonial.no/produkter/23457-masmi-bind-med-vinger-natt-ikke-klorbleket-okologi/", "kolonial_id": "23457"},
  {"category": "Shampo og h\u00e5rprodukter", "category_list": ["Alle varer", "Shampo, s\u00e5pe og krem", "Shampo og h\u00e5rprodukter"], "title": "Balsam Volumizing conditioner", "price": 103.9, "product_variant": "1 l", "quantity_info": [[1.0, "l"]], "image_url": "/media/uploads/public/256/81/152081-96de1-product_list.jpg", "unit_price_raw": "kr 103,90 per l", "product_url": "https://kolonial.no/produkter/24859-fab-hair-balsam-volumizing-conditioner/", "kolonial_id": "24859"},
  {"category": "Krem", "category_list": ["Alle varer", "Shampo, s\u00e5pe og krem", "Krem"], "title": "Lypsyl", "price": 29.6, "product_variant": "Original bl\u00e5, 1 stk", "quantity_info": [[1.0, "stk"]], "image_url": "/media/uploads/public/126/136/964936-a8685-product_list.jpg", "unit_price_raw": "kr 29,60 per stk", "product_url": "https://kolonial.no/produkter/401-lypsyl-lypsyl-original-bla-1stk/", "kolonial_id": "401"},
  {"category": "Krem", "category_list": ["Alle varer", "Shampo, s\u00e5pe og krem", "Krem"], "title": "Body Lotion", "price": 52.4, "product_variant": "250 ml", "quantity_info": [[250.0, "ml"]], "image_url": "/media/uploads/public/102/126/262526-c3d91-product_list.jpg", "unit_price_raw": "kr 209,60 per l", "product_url": "https://kolonial.no/produkter/25518-neutral-body-lotion/", "kolonial_id": "25518"},
  {"category": "Gulost", "category_list": ["Alle varer", "Oster", "Gulost"], "title": "Gr\u00e4ddost", "price": 42.9, "product_variant": "380 g", "quantity_info": [[380.0, "g"]], "image_url": "/media/uploads/public/343/106/966506-28114-product_list.jpg", "unit_price_raw": "kr 112,89 per kg", "product_url": "https://kolonial.no/produkter/1212-tine-graddost/", "kolonial_id": "1212"},
  {"category": "Fryst pizza", "category_list": ["Alle varer", "Pizza og taco", "Fryst pizza"], "title": "Tradizionale Mozzarella", "price": 44.9, "product_variant": "370 g", "quantity_info": [[370.0, "g"]], "image_url": "/media/uploads/public/238/254/136254-b8928-product_list.jpg", "unit_price_raw": "kr 121,35 per kg", "product_url": "https://kolonial.no/produkter/23870-dr-oetker-tradizionale-mozzarella/", "kolonial_id": "23870"},
  {"category": "Fryst pizza", "category_list": ["Alle varer", "Pizza og taco", "Fryst pizza"], "title": "Tradizionale Salame Romana", "price": 53.9, "product_variant": "370 g", "quantity_info": [[370.0, "g"]], "image_url": "/media/uploads/public/47/253/136253-30812-product_list.jpg", "unit_price_raw": "kr 145,68 per kg", "product_url": "https://kolonial.no/produkter/23869-dr-oetker-tradizionale-salame-romana/", "kolonial_id": "23869"},
  {"category": "Tannpleie", "category_list": ["Alle varer", "Hygieneartikler", "Tannpleie"], "title": "Tannb\u00f8rste Ultimate You Soft", "price": 32.3, "product_variant": "Assortert Variant, 1 stk", "quantity_info": [[1.0, "stk"]], "image_url": "/media/uploads/public/280/22/155222-8a82f-product_list.jpg", "unit_price_raw": "kr 32,30 per stk", "product_url": "https://kolonial.no/produkter/25033-jordan-tannborste-ultimate-you-soft-assortert-vari/", "kolonial_id": "25033"},
  {"category": "Vaskemidler", "category_list": ["Alle varer", "T\u00f8rkepapir og vaskemidler", "Vaskemidler"], "title": "Krystal Gr\u00f8nns\u00e5pe", "price": 13.3, "product_variant": "Original, 750 ml", "quantity_info": [[750.0, "ml"]], "image_url": "/media/uploads/public/317/110/985310-57b4d-product_list.jpg", "unit_price_raw": "kr 17,73 per l", "product_url": "https://kolonial.no/produkter/656-krystal-krystal-gronnsape-original/", "kolonial_id": "656"},
  {"category": "Frossen fisk og sj\u00f8mat", "category_list": ["Alle varer", "Fisk og sj\u00f8mat", "Frossen fisk og sj\u00f8mat"], "title": "\u00d8rret i Lenke", "price": 99.9, "product_variant": "500 g", "quantity_info": [[500.0, "g"]], "image_url": "/media/uploads/public/157/100/296100-7b2f8-product_list.jpg", "unit_price_raw": "kr 199,80 per kg", "product_url": "https://kolonial.no/produkter/24959-fiskeriet-orret-i-lenke/", "kolonial_id": "24959"},
  {"category": "Frossen fisk og sj\u00f8mat", "category_list": ["Alle varer", "Fisk og sj\u00f8mat", "Frossen fisk og sj\u00f8mat"], "title": "Laksefilet Sitronpepper", "price": 123.6, "product_variant": "4x140g, 560 g", "quantity_info": [[4.0, "x"], [140.0, "g"], [560.0, "g"]], "image_url": "/media/uploads/public/200/342/972342-12d7b-product_list.jpg", "unit_price_raw": "kr 220,71 per kg", "product_url": "https://kolonial.no/produkter/4162-godehav-laksefilet-sitronpepper-4x140g/", "kolonial_id": "4162"},
  {"category": "Baketilbeh\u00f8r", "category_list": ["Alle varer", "Mel og bakeingredienser", "Baketilbeh\u00f8r"], "title": "Hvit Sukkerfondant", "price": 35.9, "product_variant": "250 g", "quantity_info": [[250.0, "g"]], "image_url": "/media/uploads/public/186/135/140935-22f70-product_list.jpg", "unit_price_raw": "kr 143,60 per kg", "product_url": "https://kolonial.no/produkter/23793-dr-oetker-hvit-sukkerfondant/", "kolonial_id": "23793"},
  {"category": "Hermetisert sj\u00f8mat", "category_list": ["Alle varer", "Fisk og sj\u00f8mat", "Hermetisert sj\u00f8mat"], "title": "Utsirasild", "price": 46.3, "product_variant": "600 g", "quantity_info": [[600.0, "g"]], "image_url": "/media/uploads/public/289/59/971259-34d51-product_list.jpg", "unit_price_raw": "kr 77,17 per kg", "product_url": "https://kolonial.no/produkter/23735-sildakongen-utsirasild/", "kolonial_id": "23735"},
  {"category": "Hermetisert sj\u00f8mat", "category_list": ["Alle varer", "Fisk og sj\u00f8mat", "Hermetisert sj\u00f8mat"], "title": "Tunfisk i Gele", "price": 12.9, "product_variant": "185 g", "quantity_info": [[185.0, "g"]], "image_url": "/media/uploads/public/53/322/971922-4fbb2-product_list.jpg", "unit_price_raw": "kr 69,73 per kg", "product_url": "https://kolonial.no/produkter/24360-rema-1000-tunfisk-i-gele/", "kolonial_id": "24360"},
  {"category": "Klesvask", "category_list": ["Alle varer", "T\u00f8rkepapir og vaskemidler", "Klesvask"], "title": "Flytende Maskinvask Farget T\u00f8y", "price": 61.7, "product_variant": "1070 ml", "quantity_info": [[1070.0, "ml"]], "image_url": "/media/uploads/public/288/122/262522-f09ea-product_list.jpg", "unit_price_raw": "kr 57,66 per l", "product_url": "https://kolonial.no/produkter/25513-neutral-flytende-maskinvask-farget-toy/", "kolonial_id": "25513"},
  {"category": "Fersk fisk", "category_list": ["Alle varer", "Fisk og sj\u00f8mat", "Fersk fisk"], "title": "Laksefilet Naturell med Skinn", "price": 82.9, "product_variant": "ca. 500 g", "quantity_info": [[500.0, "g"]], "image_url": "/media/uploads/public/263/364/699164-fbcfe-product_list_large.jpg", "unit_price_raw": "kr 165,80 per kg", "product_url": "https://kolonial.no/produkter/27247-laksefilet-naturell-med-skinn/", "kolonial_id": "27247"},
  {"category": "Oljer og dressinger", "category_list": ["Alle varer", "Olje og krydder", "Oljer og dressinger"], "title": "Eddik", "price": 25.1, "product_variant": "7% Klar, 0,6 l", "quantity_info": [[7.0, "Klar"], [0.6, "l"]], "image_url": "/media/uploads/public/0/276/276-68ba5-product_list.jpg", "unit_price_raw": "kr 41,83 per l", "product_url": "https://kolonial.no/produkter/600-idun-eddik-7-klar-06l/", "kolonial_id": "600"},
  {"category": "Ferdigmikser", "category_list": ["Alle varer", "Mel og bakeingredienser", "Ferdigmikser"], "title": "Br\u00f8dmiks 7-korn", "price": 29.0, "product_variant": "\u00d8kologisk, 1 kg", "quantity_info": [[1.0, "kg"]], "image_url": "/media/uploads/public/157/28/445628-74e02-product_list.jpg", "unit_price_raw": "kr 29,00 per kg", "product_url": "https://kolonial.no/produkter/26221-kolonihagen-brodmiks-7-korn-okologisk/", "kolonial_id": "26221"},
  {"category": "Tyggis og pastiller", "category_list": ["Alle varer", "Snacks og godteri", "Tyggis og pastiller"], "title": "Extra Eucalyptus", "price": 16.6, "product_variant": "14 g", "quantity_info": [[14.0, "g"]], "image_url": "/media/uploads/public/245/137/965737-ad353-product_list.jpg", "unit_price_raw": "kr 1185,71 per kg", "product_url": "https://kolonial.no/produkter/14575-extra-extra-eucalyptus/", "kolonial_id": "14575"},
  {"category": "Frokostblandinger og gryn", "category_list": ["Alle varer", "Br\u00f8d og frokostblandinger", "Frokostblandinger og gryn"], "title": "AXA M\u00fcsli Bl\u00e5b\u00e6r", "price": 37.8, "product_variant": "Glutenfri, 385 g", "quantity_info": [[385.0, "g"]], "image_url": "/media/uploads/public/148/136/971336-64de1-product_list.jpg", "unit_price_raw": "kr 98,18 per kg", "product_url": "https://kolonial.no/produkter/23419-axa-axa-musli-blabaer-glutenfri/", "kolonial_id": "23419"},
  {"category": "Supper", "category_list": ["Alle varer", "Middager og tilbeh\u00f8r", "Supper"], "title": "Blomk\u00e5l- og Brokkolisuppe", "price": 19.0, "product_variant": "52 g", "quantity_info": [[52.0, "g"]], "image_url": "/media/uploads/public/279/104/964504-b7b2d-product_list.jpg", "unit_price_raw": "kr 365,38 per kg", "product_url": "https://kolonial.no/produkter/7333-knorr-blomkal-og-brokkolisuppe/", "kolonial_id": "7333"},
  {"category": "Knekkebr\u00f8d", "category_list": ["Alle varer", "Br\u00f8d og frokostblandinger", "Knekkebr\u00f8d"], "title": "Ryvita Knekkebr\u00f8d", "price": 27.4, "product_variant": "Sesam, 250 g", "quantity_info": [[250.0, "g"]], "image_url": "/media/uploads/public/272/387/156387-ac80a-product_list.jpg", "unit_price_raw": "kr 109,60 per kg", "product_url": "https://kolonial.no/produkter/64-ryvita-ryvita-knekkebrod-sesam-250g/", "kolonial_id": "64"},
  {"category": "Langtidsholdbare br\u00f8d", "category_list": ["Alle varer", "Br\u00f8d og frokostblandinger", "Langtidsholdbare br\u00f8d"], "title": "Rundstykker Fine", "price": 11.2, "product_variant": "6 x 50g, 300 g", "quantity_info": [[6.0, "x"], [50.0, "g"], [300.0, "g"]], "image_url": "/media/uploads/public/96/69/974069-57a0f-product_list.jpg", "unit_price_raw": "kr 37,33 per kg", "product_url": "https://kolonial.no/produkter/20941-rema-1000-rundstykker-fine-6-x-50g/", "kolonial_id": "20941"},
  {"category": "Pasta og nudler", "category_list": ["Alle varer", "Middager og tilbeh\u00f8r", "Pasta og nudler"], "title": "Penne", "price": 19.9, "product_variant": "500 g", "quantity_info": [[500.0, "g"]], "image_url": "/media/uploads/public/366/225/966225-68d1b-product_list.jpg", "unit_price_raw": "kr 39,80 per kg", "product_url": "https://kolonial.no/produkter/8460-rema-1000-penne-500g/", "kolonial_id": "8460"},
  {"category": "Hermetisert frukt og gr\u00f8nt", "category_list": ["Alle varer", "Frukt og gr\u00f8nt", "Hermetisert frukt og gr\u00f8nt"], "title": "R\u00f8de Kidneyb\u00f8nner", "price": 22.8, "product_variant": "\u00d8kologisk, 400 g", "quantity_info": [[400.0, "g"]], "image_url": "/media/uploads/public/0/30/83230-54270-product_list.jpg", "unit_price_raw": "kr 57,00 per kg", "product_url": "https://kolonial.no/produkter/20293-helios-rode-kidneybonner-okologisk/", "kolonial_id": "20293"},
  {"category": "Diverse husholdning", "category_list": ["Alle varer", "Husholdning og tekstil", "Diverse husholdning"], "title": "Forgrener 4-veis med Bryter", "price": 90.8, "product_variant": "1 stk", "quantity_info": [[1.0, "stk"]], "image_url": "/media/uploads/public/0/240/23440-e5192-product_list.jpg", "unit_price_raw": "kr 90,80 per stk", "product_url": "https://kolonial.no/produkter/11686-forgrener-4-veis-med-bryter/", "kolonial_id": "11686"},
  {"category": "Ferdige middagsretter", "category_list": ["Alle varer", "Middager og tilbeh\u00f8r", "Ferdige middagsretter"], "title": "Risengrynsgraut", "price": 28.9, "product_variant": "900 g", "quantity_info": [[900.0, "g"]], "image_url": "/media/uploads/public/221/203/966603-adde5-product_list.jpg", "unit_price_raw": "kr 32,11 per kg", "product_url": "https://kolonial.no/produkter/4708-nordfjord-risengrynsgraut/", "kolonial_id": "4708"},
  {"category": "Ferdigsauser", "category_list": ["Alle varer", "Middager og tilbeh\u00f8r", "Ferdigsauser"], "title": "Kyllingkraft", "price": 32.6, "product_variant": "250 ml", "quantity_info": [[250.0, "ml"]], "image_url": "/media/uploads/public/147/357/973557-25c7e-product_list.jpg", "unit_price_raw": "kr 130,40 per l", "product_url": "https://kolonial.no/produkter/18160-stanges-gardsprodukter-kyllingkraft/", "kolonial_id": "18160"},
  {"category": "P\u00f8lser", "category_list": ["Alle varer", "Kj\u00f8tt og kylling", "P\u00f8lser"], "title": "Grillp\u00f8lse Ost & Chilli", "price": 50.9, "product_variant": "600 g", "quantity_info": [[600.0, "g"]], "image_url": "/media/uploads/public/18/385/998785-ec7cb-product_list.jpg", "unit_price_raw": "kr 84,83 per kg", "product_url": "https://kolonial.no/produkter/22738-gilde-grillpolse-ost-chilli/", "kolonial_id": "22738"},
  {"category": "Kontor", "category_list": ["Alle varer", "Husholdning og tekstil", "Kontor"], "title": "Blyantspisser Sort", "price": 21.2, "product_variant": "1 stk", "quantity_info": [[1.0, "stk"]], "image_url": "/media/uploads/public/0/6/46006-7b0a8-product_list.jpg", "unit_price_raw": "kr 21,20 per stk", "product_url": "https://kolonial.no/produkter/14965-blyantspisser-sort/", "kolonial_id": "14965"},
  {"category": "Fr\u00f8, n\u00f8tter og t\u00f8rket frukt", "category_list": ["Alle varer", "Frukt og gr\u00f8nt", "Fr\u00f8, n\u00f8tter og t\u00f8rket frukt"], "title": "Kokosflak", "price": 20.9, "product_variant": "\u00d8kologisk, 100 g", "quantity_info": [[100.0, "g"]], "image_url": "/media/uploads/public/0/105/83305-9d237-product_list.jpg", "unit_price_raw": "kr 209,00 per kg", "product_url": "https://kolonial.no/produkter/20350-helios-kokosflak-okologisk/", "kolonial_id": "20350"},
  {"category": "Kj\u00f8ttboller og karbonader", "category_list": ["Alle varer", "Kj\u00f8tt og kylling", "Kj\u00f8ttboller og karbonader"], "title": "Falafel", "price": 43.6, "product_variant": "300 g", "quantity_info": [[300.0, "g"]], "image_url": "/media/uploads/public/156/70/296070-e2aab-product_list.jpg", "unit_price_raw": "kr 145,33 per kg", "product_url": "https://kolonial.no/produkter/25250-halsans-kok-falafel/", "kolonial_id": "25250"},
  {"category": "Gr\u00f8nnsaker", "category_list": ["Alle varer", "Frukt og gr\u00f8nt", "Gr\u00f8nnsaker"], "title": "\u00d8kologisk R\u00f8dl\u00f8k", "price": 40.9, "product_variant": "Holland, 500 g", "quantity_info": [[500.0, "g"]], "image_url": "/media/uploads/public/0/27/94027-64323-product_list.jpg", "unit_price_raw": "kr 81,80 per kg", "product_url": "https://kolonial.no/produkter/19462-okologisk-rodlok-holland/", "kolonial_id": "19462"},
  {"category": "Frukt", "category_list": ["Alle varer", "Frukt og gr\u00f8nt", "Frukt"], "title": "\u00d8kologisk Ananas", "price": 45.9, "product_variant": "Costa Rica, 1 stk", "quantity_info": [[1.0, "stk"]], "image_url": "/media/uploads/public/0/378/378-b8993-product_list.jpg", "unit_price_raw": "kr 32,79 per kg", "product_url": "https://kolonial.no/produkter/19438-okologisk-ananas-costa-rica/", "kolonial_id": "19438"},
  {"category": "Middags-kit og gryteretter", "category_list": ["Alle varer", "Middager og tilbeh\u00f8r", "Middags-kit og gryteretter"], "title": "Pasta Di Parma Familie", "price": 40.6, "product_variant": "294 g", "quantity_info": [[294.0, "g"]], "image_url": "/media/uploads/public/12/369/973969-22519-product_list.jpg", "unit_price_raw": "kr 138,10 per kg", "product_url": "https://kolonial.no/produkter/21232-toro-pasta-di-parma-familie/", "kolonial_id": "21232"},
  {"category": "Posesauser", "category_list": ["Alle varer", "Middager og tilbeh\u00f8r", "Posesauser"], "title": "Kremet Peppersaus", "price": 13.5, "product_variant": "40 g", "quantity_info": [[40.0, "g"]], "image_url": "/media/uploads/public/142/87/966087-6213f-product_list.jpg", "unit_price_raw": "kr 337,50 per kg", "product_url": "https://kolonial.no/produkter/5437-knorr-kremet-peppersaus/", "kolonial_id": "5437"},
  {"category": "Posesauser", "category_list": ["Alle varer", "Middager og tilbeh\u00f8r", "Posesauser"], "title": "Carbonara med Persille", "price": 17.2, "product_variant": "27 g", "quantity_info": [[27.0, "g"]], "image_url": "/media/uploads/public/178/183/969383-5866a-product_list.jpg", "unit_price_raw": "kr 637,04 per kg", "product_url": "https://kolonial.no/produkter/18142-knorr-carbonara-med-persille/", "kolonial_id": "18142"},
  {"category": "Middagstilbeh\u00f8r", "category_list": ["Alle varer", "Middager og tilbeh\u00f8r", "Middagstilbeh\u00f8r"], "title": "Potetsalat Cr\u00e8me Fra\u00eeche", "price": 37.6, "product_variant": "420 g", "quantity_info": [[420.0, "g"]], "image_url": "/media/uploads/public/13/17/966417-4ce50-product_list.jpg", "unit_price_raw": "kr 89,52 per kg", "product_url": "https://kolonial.no/produkter/4999-delikat-potetsalat-creme-fraiche-420g/", "kolonial_id": "4999"},
  {"category": "N\u00f8tter", "category_list": ["Alle varer", "Snacks og godteri", "N\u00f8tter"], "title": "Polly Pean\u00f8tter Lettsaltet", "price": 29.9, "product_variant": "300 g", "quantity_info": [[300.0, "g"]], "image_url": "/media/uploads/public/382/131/973731-d52f3-product_list.jpg", "unit_price_raw": "kr 99,67 per kg", "product_url": "https://kolonial.no/produkter/27273-polly-polly-peanotter-lettsaltet/", "kolonial_id": "27273"},
  {"category": "Kylling, kalkun og and", "category_list": ["Alle varer", "Kj\u00f8tt og kylling", "Kylling, kalkun og and"], "title": "Grillede Kyllingvinger", "price": 61.8, "product_variant": "900 g", "quantity_info": [[900.0, "g"]], "image_url": "/media/uploads/public/321/358/1001558-44e15-product_list.jpg", "unit_price_raw": "kr 68,67 per kg", "product_url": "https://kolonial.no/produkter/27987-ytteroy-kylling-grillede-kyllingvinger/", "kolonial_id": "27987"},
  {"category": "Smoothie, yoghurt og mellomm\u00e5ltid", "category_list": ["Alle varer", "Barneprodukter", "Smoothie, yoghurt og mellomm\u00e5ltid"], "title": "The Yellow One Smoothie", "price": 17.5, "product_variant": "Fra 6 mnd, 90 g", "quantity_info": [[6.0, "mnd"], [90.0, "g"]], "image_url": "/media/uploads/public/65/15/969215-55ee4-product_list.jpg", "unit_price_raw": "kr 194,44 per kg", "product_url": "https://kolonial.no/produkter/793-ellas-kitchen-yellow-one-smoothie-fra-6-mnd/", "kolonial_id": "793"},
  {"category": "Smoothie, yoghurt og mellomm\u00e5ltid", "category_list": ["Alle varer", "Barneprodukter", "Smoothie, yoghurt og mellomm\u00e5ltid"], "title": "Banan", "price": 12.9, "product_variant": "Fra 4 mnd, 70 g", "quantity_info": [[4.0, "mnd"], [70.0, "g"]], "image_url": "/media/uploads/public/202/216/973416-6d29f-product_list.jpg", "unit_price_raw": "kr 184,29 per kg", "product_url": "https://kolonial.no/produkter/27371-ellas-kitchen-banan-fra-4-mnd/", "kolonial_id": "27371"},
  {"category": "Middagsglass", "category_list": ["Alle varer", "Barneprodukter", "Middagsglass"], "title": "Couscous med Kylling Spiseklar", "price": 19.6, "product_variant": "Fra 6 mnd, 120 g", "quantity_info": [[6.0, "mnd"], [120.0, "g"]], "image_url": "/media/uploads/public/316/93/970493-585f9-product_list.jpg", "unit_price_raw": "kr 163,33 per kg", "product_url": "https://kolonial.no/produkter/21682-semper-couscous-med-kylling-spiseklar-fra-6-mnd/", "kolonial_id": "21682"},
  {"category": "Gr\u00f8t", "category_list": ["Alle varer", "Barneprodukter", "Gr\u00f8t"], "title": "Flerkornsgr\u00f8t med B\u00e6r", "price": 43.1, "product_variant": "Fra 12 mnd, 270 g", "quantity_info": [[12.0, "mnd"], [270.0, "g"]], "image_url": "/media/uploads/public/9/286/144686-674f5-product_list.jpg", "unit_price_raw": "kr 159,63 per kg", "product_url": "https://kolonial.no/produkter/23964-hipp-flerkornsgrot-med-baer-fra-12-mnd/", "kolonial_id": "23964"},
  {"category": "Honning og s\u00f8tp\u00e5legg", "category_list": ["Alle varer", "P\u00e5legg", "Honning og s\u00f8tp\u00e5legg"], "title": "Chocolate Sjokoladep\u00e5legg", "price": 55.8, "product_variant": "Vegan, 270 g", "quantity_info": [[270.0, "g"]], "image_url": "/media/uploads/public/209/17/973617-eda4a-product_list.jpg", "unit_price_raw": "kr 206,67 per kg", "product_url": "https://kolonial.no/produkter/27569-la-vida-chocolate-sjokoladepalegg-vegan/", "kolonial_id": "27569"},
  {"category": "Snus", "category_list": ["Alle varer", "Snus og tobakk", "Snus"], "title": "Skruf Portion #4", "price": 92.9, "product_variant": "Xtra Stark Snus, 22 g", "quantity_info": [[22.0, "g"]], "image_url": "https://kolonial.no/static/products/img/placeholder.bffcea8d3530.png", "unit_price_raw": "kr 4222,73 per kg", "product_url": "https://kolonial.no/produkter/4021-skruf-skruf-portion-4-xtra-stark-snus/", "kolonial_id": "4021"},
  {"category": "Sigaretter", "category_list": ["Alle varer", "Snus og tobakk", "Sigaretter"], "title": "Marlboro Silver Blue", "price": 122.9, "product_variant": "20 stk", "quantity_info": [[20.0, "stk"]], "image_url": "https://kolonial.no/static/products/img/placeholder.bffcea8d3530.png", "unit_price_raw": "kr 6,15 per stk", "product_url": "https://kolonial.no/produkter/15564-marlboro-marlboro-silver-blue/", "kolonial_id": "15564"},
  {"category": "Leverpostei", "category_list": ["Alle varer", "P\u00e5legg", "Leverpostei"], "title": "Leverpostei Med Hvitl\u00f8k & Ramsl\u00f8k", "price": 15.0, "product_variant": "150 g", "quantity_info": [[150.0, "g"]], "image_url": "/media/uploads/public/271/383/973983-15b69-product_list.jpg", "unit_price_raw": "kr 100,00 per kg", "product_url": "https://kolonial.no/produkter/27857-gilde-leverpostei-med-hvitlok-ramslok/", "kolonial_id": "27857"},
  {"category": "Leverpostei", "category_list": ["Alle varer", "P\u00e5legg", "Leverpostei"], "title": "Leverpostei Black Garlic", "price": 15.0, "product_variant": "150 g", "quantity_info": [[150.0, "g"]], "image_url": "/media/uploads/public/115/25/974025-4aa93-product_list.jpg", "unit_price_raw": "kr 100,00 per kg", "product_url": "https://kolonial.no/produkter/27858-gilde-leverpostei-black-garlic/", "kolonial_id": "27858"},
  {"category": "Syltet\u00f8y", "category_list": ["Alle varer", "P\u00e5legg", "Syltet\u00f8y"], "title": "Bl\u00e5b\u00e6rsyltet\u00f8y Uten Tilsatt Sukker", "price": 31.6, "product_variant": "275 g", "quantity_info": [[275.0, "g"]], "image_url": "/media/uploads/public/47/11/155211-bda13-product_list.jpg", "unit_price_raw": "kr 114,91 per kg", "product_url": "https://kolonial.no/produkter/25022-nora-blabaersyltetoy-uten-tilsatt-sukker/", "kolonial_id": "25022"},
  {"category": "Kj\u00f8tt- og kyllingp\u00e5legg", "category_list": ["Alle varer", "P\u00e5legg", "Kj\u00f8tt- og kyllingp\u00e5legg"], "title": "Baguetteskinke", "price": 72.1, "product_variant": "Hotellbrett Oppsk\u00e5ret, 500 g", "quantity_info": [[500.0, "g"]], "image_url": "/media/uploads/public/0/271/671-4017d-product_list.jpg", "unit_price_raw": "kr 144,20 per kg", "product_url": "https://kolonial.no/produkter/15291-pers-kjokken-baguetteskinke-hotellbrett-oppskaret-/", "kolonial_id": "15291"},
  {"category": "Kj\u00f8tt- og kyllingp\u00e5legg", "category_list": ["Alle varer", "P\u00e5legg", "Kj\u00f8tt- og kyllingp\u00e5legg"], "title": "Salami, r\u00f8kt", "price": 139.0, "product_variant": "Hotellbrett Oppsk\u00e5ret, 500 g", "quantity_info": [[500.0, "g"]], "image_url": "/media/uploads/public/0/277/677-8f12d-product_list.jpg", "unit_price_raw": "kr 278,00 per kg", "product_url": "https://kolonial.no/produkter/15294-pers-kjokken-salami-rokt-hotellbrett-oppskaret-500/", "kolonial_id": "15294"},
  {"category": "Spekemat og salami", "category_list": ["Alle varer", "P\u00e5legg", "Spekemat og salami"], "title": "F\u00e5rep\u00f8lse", "price": 34.4, "product_variant": "150 g", "quantity_info": [[150.0, "g"]], "image_url": "/media/uploads/public/156/213/966613-7a95d-product_list.jpg", "unit_price_raw": "kr 229,33 per kg", "product_url": "https://kolonial.no/produkter/4657-nordfjord-farepolse/", "kolonial_id": "4657"},
  {"category": "Kattemat", "category_list": ["Alle varer", "Dyremat", "Kattemat"], "title": "Selection Lam & Kylling", "price": 14.1, "product_variant": "85 g", "quantity_info": [[85.0, "g"]], "image_url": "/media/uploads/public/388/375/972775-2652c-product_list.jpg", "unit_price_raw": "kr 165,88 per kg", "product_url": "https://kolonial.no/produkter/15588-sheba-selection-lamm-kylling/", "kolonial_id": "15588"},
  {"category": "Fl\u00f8te og r\u00f8mmeprodukter", "category_list": ["Alle varer", "Melk, meieriprodukter og egg", "Fl\u00f8te og r\u00f8mmeprodukter"], "title": "Kesam mager", "price": 26.6, "product_variant": "Laktosefri, 300 g", "quantity_info": [[300.0, "g"]], "image_url": "/media/uploads/public/0/196/19396-bb34b-product_list.jpg", "unit_price_raw": "kr 88,67 per kg", "product_url": "https://kolonial.no/produkter/12169-tine-kesam-mager-laktosefri-300g/", "kolonial_id": "12169"},
  {"category": "Yoghurt", "category_list": ["Alle varer", "Melk, meieriprodukter og egg", "Yoghurt"], "title": "Go'morgen ZERO", "price": 17.8, "product_variant": "Bringeb\u00e6r, 190 g", "quantity_info": [[190.0, "g"]], "image_url": "/media/uploads/public/369/11/968411-9219d-product_list.jpg", "unit_price_raw": "kr 93,68 per kg", "product_url": "https://kolonial.no/produkter/12199-tine-gomorgen-zero-bringebaer-190g/", "kolonial_id": "12199"},
  {"category": "Sm\u00f8r og margarin", "category_list": ["Alle varer", "Melk, meieriprodukter og egg", "Sm\u00f8r og margarin"], "title": "Melange Uten Salt & Melk", "price": 31.5, "product_variant": "500 g", "quantity_info": [[500.0, "g"]], "image_url": "/media/uploads/public/175/94/972094-bfe89-product_list.jpg", "unit_price_raw": "kr 63,00 per kg", "product_url": "https://kolonial.no/produkter/5146-melange-melange-uten-salt-melk-500g/", "kolonial_id": "5146"},
  {"category": "Te", "category_list": ["Alle varer", "Drikkevarer", "Te"], "title": "Taste Collection Frukt-Te", "price": 41.2, "product_variant": "40 poser, 40 stk", "quantity_info": [[40.0, "poser"], [40.0, "stk"]], "image_url": "/media/uploads/public/263/311/964311-dd7a4-product_list.jpg", "unit_price_raw": "kr 1,03 per stk", "product_url": "https://kolonial.no/produkter/7660-lipton-taste-collection-frukt-te-40-poser/", "kolonial_id": "7660"},
  {"category": "Te", "category_list": ["Alle varer", "Drikkevarer", "Te"], "title": "Lady Lipton", "price": 32.6, "product_variant": "\u00d8kologisk, 20 stk", "quantity_info": [[20.0, "stk"]], "image_url": "/media/uploads/public/229/53/972053-79e76-product_list.jpg", "unit_price_raw": "kr 1,63 per stk", "product_url": "https://kolonial.no/produkter/24984-lipton-lady-lipton-okologisk/", "kolonial_id": "24984"},
  {"category": "Kaffe", "category_list": ["Alle varer", "Drikkevarer", "Kaffe"], "title": "Kaffe Guatemala", "price": 64.0, "product_variant": "Hele B\u00f8nner, 225 g", "quantity_info": [[225.0, "g"]], "image_url": "/media/uploads/public/181/224/660224-49caa-product_list.jpg", "unit_price_raw": "kr 284,44 per kg", "product_url": "https://kolonial.no/produkter/27158-kolonihagen-kaffe-guatemala-hele-bonner/", "kolonial_id": "27158"},
  {"category": "Saft", "category_list": ["Alle varer", "Drikkevarer", "Saft"], "title": "Fruit Fusion", "price": 40.5, "product_variant": "0,8 l", "quantity_info": [[0.8, "l"]], "image_url": "/media/uploads/public/348/344/973544-a07c6-product_list.jpg", "unit_price_raw": "kr 50,63 per l", "product_url": "https://kolonial.no/produkter/27463-zeroh-fruit-fusion/", "kolonial_id": "27463"},
  {"category": "Smoothie", "category_list": ["Alle varer", "Drikkevarer", "Smoothie"], "title": "Superlife Supergreen Mix", "price": 133.6, "product_variant": "100 g", "quantity_info": [[100.0, "g"]], "image_url": "/media/uploads/public/121/253/702653-2a2b1-product_list.jpg", "unit_price_raw": "kr 1336,00 per kg", "product_url": "https://kolonial.no/produkter/27472-superlife-superlife-supergreen-mix/", "kolonial_id": "27472"},
  {"category": "Juice", "category_list": ["Alle varer", "Drikkevarer", "Juice"], "title": "Grapefruktjuice Premium", "price": 36.2, "product_variant": "1 l", "quantity_info": [[1.0, "l"]], "image_url": "/media/uploads/public/134/377/968377-f4fe3-product_list.jpg", "unit_price_raw": "kr 36,20 per l", "product_url": "https://kolonial.no/produkter/12025-sunniva-grapefruktjuice-premium-1l/", "kolonial_id": "12025"},
  {"category": "Vann og mineralvann", "category_list": ["Alle varer", "Drikkevarer", "Vann og mineralvann"], "title": "Olden Eple", "price": 28.5, "product_variant": "Med Kullsyre, 1,5 l", "quantity_info": [[1.5, "l"]], "image_url": "/media/uploads/public/328/157/970557-4f24f-product_list.jpg", "unit_price_raw": "kr 19,00 per l", "product_url": "https://kolonial.no/produkter/21814-olden-olden-eple-med-kullsyre/", "kolonial_id": "21814"},
  {"category": "Vann og mineralvann", "category_list": ["Alle varer", "Drikkevarer", "Vann og mineralvann"], "title": "Olden Stillvann", "price": 26.4, "product_variant": "1,5 l", "quantity_info": [[1.5, "l"]], "image_url": "/media/uploads/public/119/66/973266-b5702-product_list.jpg", "unit_price_raw": "kr 17,60 per l", "product_url": "https://kolonial.no/produkter/22033-olden-olden-stillvann/", "kolonial_id": "22033"},
  {"category": "Bleier", "category_list": ["Alle varer", "Barneprodukter", "Bleier"], "title": "Lev Vel Bleier Junior", "price": 37.3, "product_variant": "Str.5 12-25kg, 44 stk", "quantity_info": [[512.0, ""], [25.0, "kg"], [44.0, "stk"]], "image_url": "/media/uploads/public/391/83/969283-7cf1e-product_list.jpg", "unit_price_raw": "kr 0,85 per stk", "product_url": "https://kolonial.no/produkter/17947-rema-1000-lev-vel-bleier-junior-str5-12-25kg/", "kolonial_id": "17947"},
  {"category": "Spesialoster", "category_list": ["Alle varer", "Oster", "Spesialoster"], "title": "Norzola", "price": 37.1, "product_variant": "150 g", "quantity_info": [[150.0, "g"]], "image_url": "/media/uploads/public/114/215/966615-d6f72-product_list.jpg", "unit_price_raw": "kr 247,33 per kg", "product_url": "https://kolonial.no/produkter/12229-tine-norzola-150g/", "kolonial_id": "12229"},
  {"category": "Spesialoster", "category_list": ["Alle varer", "Oster", "Spesialoster"], "title": "Roquefort Vernieres AOP", "price": 53.9, "product_variant": "100 g", "quantity_info": [[100.0, "g"]], "image_url": "/media/uploads/public/172/214/969414-7a847-product_list.jpg", "unit_price_raw": "kr 539,00 per kg", "product_url": "https://kolonial.no/produkter/9935-roquefort-vernieres-aop-100g/", "kolonial_id": "9935"},
  {"category": "Julens p\u00e5legg", "category_list": ["Alle varer", "P\u00e5legg", "Julens p\u00e5legg"], "title": "Appetittsild", "price": 31.0, "product_variant": "270 g", "quantity_info": [[270.0, "g"]], "image_url": "/media/uploads/public/145/80/1004080-a3ae3-product_list.jpg", "unit_price_raw": "kr 114,81 per kg", "product_url": "https://kolonial.no/produkter/4504-delikat-appetittsild-270g/", "kolonial_id": "4504"},
  {"category": "Brus", "category_list": ["Alle varer", "Drikkevarer", "Brus"], "title": "Ingef\u00e6r\u00f8l", "price": 38.8, "product_variant": "1,5 l", "quantity_info": [[1.5, "l"]], "image_url": "/media/uploads/public/0/396/51196-55a6b-product_list.jpg", "unit_price_raw": "kr 25,87 per l", "product_url": "https://kolonial.no/produkter/17272-ringnes-ingefaerol/", "kolonial_id": "17272"},
  {"category": "Hundemat", "category_list": ["Alle varer", "Dyremat", "Hundemat"], "title": "Classics Selection", "price": 44.5, "product_variant": "600 g", "quantity_info": [[600.0, "g"]], "image_url": "/media/uploads/public/18/248/965848-fc82c-product_list.jpg", "unit_price_raw": "kr 74,17 per kg", "product_url": "https://kolonial.no/produkter/13924-cecar-classics-selection/", "kolonial_id": "13924"},
  {"category": "Taco", "category_list": ["Alle varer", "Pizza og taco", "Taco"], "title": "Taco Sauce", "price": 15.6, "product_variant": "Mild, 230 g", "quantity_info": [[230.0, "g"]], "image_url": "/media/uploads/public/18/257/972657-d7e25-product_list.jpg", "unit_price_raw": "kr 67,83 per kg", "product_url": "https://kolonial.no/produkter/7264-old-el-paso-taco-sauce-mild-230g/", "kolonial_id": "7264"},
  {"category": "Buljong og fond", "category_list": ["Alle varer", "Olje og krydder", "Buljong og fond"], "title": "ViniChef gr\u00f8nnsakfond med Hvitvin", "price": 34.9, "product_variant": "4 stk", "quantity_info": [[4.0, "stk"]], "image_url": "/media/uploads/public/352/115/1018515-dd3be-product_list.jpg", "unit_price_raw": "kr 311,61 per kg", "product_url": "https://kolonial.no/produkter/28152-vinichef-gronnsakfond-med-hvitvin-4-x-28-g/", "kolonial_id": "28152"},
  {"category": "Krydder", "category_list": ["Alle varer", "Olje og krydder", "Krydder"], "title": "Safran", "price": 43.7, "product_variant": "0,5 g", "quantity_info": [[0.5, "g"]], "image_url": "/media/uploads/public/396/309/1000309-d2dfc-product_list.jpg", "unit_price_raw": "kr 87400,00 per kg", "product_url": "https://kolonial.no/produkter/1088-santa-maria-safran/", "kolonial_id": "1088"},
  {"category": "Krydder", "category_list": ["Alle varer", "Olje og krydder", "Krydder"], "title": "Krydderblanding Gastromat", "price": 22.1, "product_variant": "90 g", "quantity_info": [[90.0, "g"]], "image_url": "/media/uploads/public/170/86/968886-bd0d7-product_list.jpg", "unit_price_raw": "kr 245,56 per kg", "product_url": "https://kolonial.no/produkter/16873-krydderblanding-gastromat/", "kolonial_id": "16873"},
  {"category": "Helsekost", "category_list": ["Alle varer", "Legemidler og helsekost", "Helsekost"], "title": "C-boost Sitron C-vitamin", "price": 47.5, "product_variant": "1000 mg, 20 stk", "quantity_info": [[1000.0, "mg"], [20.0, "stk"]], "image_url": "/media/uploads/public/53/3/973603-f2eae-product_list.jpg", "unit_price_raw": "kr 2,38 per stk", "product_url": "https://kolonial.no/produkter/27466-collett-c-boost-sitron-c-vitamin-1000-mg/", "kolonial_id": "27466"},
  {"category": "Proteinbar og m\u00fcslibar", "category_list": ["Alle varer", "Legemidler og helsekost", "Proteinbar og m\u00fcslibar"], "title": "Oats & Chocolate", "price": 14.2, "product_variant": "Granola Bar, 42 g", "quantity_info": [[42.0, "g"]], "image_url": "/media/uploads/public/0/337/18337-44b2b-product_list.jpg", "unit_price_raw": "kr 338,10 per kg", "product_url": "https://kolonial.no/produkter/11617-nature-valley-oats-chocolate-granola-bar/", "kolonial_id": "11617"},
  {"category": "Bind og tamponger", "category_list": ["Alle varer", "Hygieneartikler", "Bind og tamponger"], "title": "Bind med Vinger Dag, Ikke Klorbleket", "price": 39.1, "product_variant": "\u00d8kologisk, 10 stk", "quantity_info": [[10.0, "stk"]], "image_url": "/media/uploads/public/311/135/128135-a2e81-product_list.jpg", "unit_price_raw": "kr 3,91 per stk", "product_url": "https://kolonial.no/produkter/23456-masmi-bind-med-vinger-dag-ikke-klorbleket-okologis/", "kolonial_id": "23456"},
  {"category": "Kluter, svamper og hansker", "category_list": ["Alle varer", "T\u00f8rkepapir og vaskemidler", "Kluter, svamper og hansker"], "title": "Vindusnal", "price": 33.3, "product_variant": "33 cm, 1 stk", "quantity_info": [[33.0, "cm"], [1.0, "stk"]], "image_url": "/media/uploads/public/111/397/154797-93845-product_list.jpg", "unit_price_raw": "kr 33,30 per stk", "product_url": "https://kolonial.no/produkter/14959-vindusnal-33-cm/", "kolonial_id": "14959"},
  {"category": "Kluter, svamper og hansker", "category_list": ["Alle varer", "T\u00f8rkepapir og vaskemidler", "Kluter, svamper og hansker"], "title": "T\u00f8rrmopp St\u00f8vmagnet", "price": 97.4, "product_variant": "Refill, 15 stk", "quantity_info": [[15.0, "stk"]], "image_url": "/media/uploads/public/240/54/964854-7f317-product_list.jpg", "unit_price_raw": "kr 6,49 per stk", "product_url": "https://kolonial.no/produkter/665-jif-torrmopp-stovmagnet-refill/", "kolonial_id": "665"},
  {"category": "Shampo og h\u00e5rprodukter", "category_list": ["Alle varer", "Shampo, s\u00e5pe og krem", "Shampo og h\u00e5rprodukter"], "title": "Shampo Anti Frizz", "price": 103.9, "product_variant": "1 l", "quantity_info": [[1.0, "l"]], "image_url": "/media/uploads/public/390/82/152082-a02e0-product_list.jpg", "unit_price_raw": "kr 103,90 per l", "product_url": "https://kolonial.no/produkter/24858-fab-hair-shampo-anti-frizz/", "kolonial_id": "24858"},
  {"category": "Krem", "category_list": ["Alle varer", "Shampo, s\u00e5pe og krem", "Krem"], "title": "Vakre Hender H\u00e5ndkrem", "price": 41.2, "product_variant": "75 ml", "quantity_info": [[75.0, "ml"]], "image_url": "/media/uploads/public/99/98/371698-c7d92-product_list.jpg", "unit_price_raw": "kr 549,33 per l", "product_url": "https://kolonial.no/produkter/25958-dr-greve-vakre-hender-handkrem/", "kolonial_id": "25958"},
  {"category": "Gulost", "category_list": ["Alle varer", "Oster", "Gulost"], "title": "Taffel Tomatost Skiver", "price": 24.1, "product_variant": "130 g", "quantity_info": [[130.0, "g"]], "image_url": "/media/uploads/public/212/117/966517-a9d7f-product_list.jpg", "unit_price_raw": "kr 185,38 per kg", "product_url": "https://kolonial.no/produkter/12262-tine-taffel-tomatost-skiver-130g/", "kolonial_id": "12262"},
  {"category": "Fryst pizza", "category_list": ["Alle varer", "Pizza og taco", "Fryst pizza"], "title": "Tradizionale Pancetta Delicata", "price": 55.5, "product_variant": "375 g", "quantity_info": [[375.0, "g"]], "image_url": "/media/uploads/public/48/252/136252-2680f-product_list.jpg", "unit_price_raw": "kr 148,00 per kg", "product_url": "https://kolonial.no/produkter/23868-dr-oetker-tradizionale-pancetta-delicata/", "kolonial_id": "23868"},
  {"category": "Tannpleie", "category_list": ["Alle varer", "Hygieneartikler", "Tannpleie"], "title": "Tannb\u00f8rste Medium Bl\u00e5", "price": 36.2, "product_variant": "100% Nedbrytbar, 1 stk", "quantity_info": [[100.0, "Nedbrytbar"], [1.0, "stk"]], "image_url": "/media/uploads/public/233/83/373283-37083-product_list.jpg", "unit_price_raw": "kr 36,20 per stk", "product_url": "https://kolonial.no/produkter/25951-humble-brush-tannborste-medium-bla-100-nedbrytbar/", "kolonial_id": "25951"},
  {"category": "Vaskemidler", "category_list": ["Alle varer", "T\u00f8rkepapir og vaskemidler", "Vaskemidler"], "title": "Gr\u00f8nns\u00e5pe", "price": 14.3, "product_variant": "1,5 l", "quantity_info": [[1.5, "l"]], "image_url": "/media/uploads/public/25/61/987661-973ef-product_list.jpg", "unit_price_raw": "kr 9,53 per l", "product_url": "https://kolonial.no/produkter/8728-gronnsape-1-5l-rema-1000/", "kolonial_id": "8728"},
  {"category": "Vaskemidler", "category_list": ["Alle varer", "T\u00f8rkepapir og vaskemidler", "Vaskemidler"], "title": "Jif Engangsv\u00e5tmopp Baderom", "price": 78.9, "product_variant": "10 stk", "quantity_info": [[10.0, "stk"]], "image_url": "/media/uploads/public/130/56/970856-40f3d-product_list.jpg", "unit_price_raw": "kr 7,89 per stk", "product_url": "https://kolonial.no/produkter/26638-jif-jif-engangsvatmopp-baderom/", "kolonial_id": "26638"},
  {"category": "Frossen fisk og sj\u00f8mat", "category_list": ["Alle varer", "Fisk og sj\u00f8mat", "Frossen fisk og sj\u00f8mat"], "title": "Prima Laksefilet Med Skinn", "price": 55.9, "product_variant": "500 g", "quantity_info": [[500.0, "g"]], "image_url": "/media/uploads/public/97/6/998806-c7c29-product_list.jpg", "unit_price_raw": "kr 111,80 per kg", "product_url": "https://kolonial.no/produkter/4042-godehav-laksefilet-med-skinn/", "kolonial_id": "4042"},
  {"category": "Baketilbeh\u00f8r", "category_list": ["Alle varer", "Mel og bakeingredienser", "Baketilbeh\u00f8r"], "title": "Rosa Sukkerfondant", "price": 37.0, "product_variant": "250 g", "quantity_info": [[250.0, "g"]], "image_url": "/media/uploads/public/123/0/134800-b5416-product_list.jpg", "unit_price_raw": "kr 148,00 per kg", "product_url": "https://kolonial.no/produkter/23770-dr-oetker-rosa-sukkerfondant/", "kolonial_id": "23770"},
  {"category": "Hermetisert sj\u00f8mat", "category_list": ["Alle varer", "Fisk og sj\u00f8mat", "Hermetisert sj\u00f8mat"], "title": "Sursild", "price": 47.5, "product_variant": "940 g", "quantity_info": [[940.0, "g"]], "image_url": "/media/uploads/public/237/86/1004086-3b530-product_list.jpg", "unit_price_raw": "kr 50,53 per kg", "product_url": "https://kolonial.no/produkter/4690-delikat-sursild-970g/", "kolonial_id": "4690"},
  {"category": "Klesvask", "category_list": ["Alle varer", "T\u00f8rkepapir og vaskemidler", "Klesvask"], "title": "Flytende Maskinvask Hvitt T\u00f8y", "price": 59.9, "product_variant": "1070 ml", "quantity_info": [[1070.0, "ml"]], "image_url": "/media/uploads/public/136/121/262521-9d866-product_list.jpg", "unit_price_raw": "kr 55,98 per l", "product_url": "https://kolonial.no/produkter/25514-neutral-flytende-maskinvask-hvitt-toy/", "kolonial_id": "25514"},
  {"category": "Fersk fisk", "category_list": ["Alle varer", "Fisk og sj\u00f8mat", "Fersk fisk"], "title": "Wangensten Rakfisk Fl\u00e5dd", "price": 134.9, "product_variant": "ca. 500 g", "quantity_info": [[500.0, "g"]], "image_url": "/media/uploads/public/157/251/131051-70dbf-product_list_large.jpg", "unit_price_raw": "kr 269,80 per kg", "product_url": "https://kolonial.no/produkter/23523-wangensten-rakfisk-fladd/", "kolonial_id": "23523"},
  {"category": "Oljer og dressinger", "category_list": ["Alle varer", "Olje og krydder", "Oljer og dressinger"], "title": "Eddik", "price": 24.5, "product_variant": "7% Brun, 0,6 l", "quantity_info": [[7.0, "Brun"], [0.6, "l"]], "image_url": "/media/uploads/public/0/277/277-479ea-product_list.jpg", "unit_price_raw": "kr 40,83 per l", "product_url": "https://kolonial.no/produkter/1002-idun-eddik-7-brun-06l/", "kolonial_id": "1002"},
  {"category": "Oljer og dressinger", "category_list": ["Alle varer", "Olje og krydder", "Oljer og dressinger"], "title": "Balsamico Vineddik", "price": 49.4, "product_variant": "0,25 l", "quantity_info": [[0.25, "l"]], "image_url": "/media/uploads/public/68/153/972953-a4090-product_list.jpg", "unit_price_raw": "kr 197,60 per l", "product_url": "https://kolonial.no/produkter/1004-il-torrione-balsamico-vineddik-025l/", "kolonial_id": "1004"},
  {"category": "Ferdigmikser", "category_list": ["Alle varer", "Mel og bakeingredienser", "Ferdigmikser"], "title": "Br\u00f8dmiks Kolonialbr\u00f8d", "price": 25.0, "product_variant": "\u00d8kologisk, 1 kg", "quantity_info": [[1.0, "kg"]], "image_url": "/media/uploads/public/145/29/445629-bc847-product_list.jpg", "unit_price_raw": "kr 25,00 per kg", "product_url": "https://kolonial.no/produkter/26220-kolonihagen-brodmiks-kolonialbrod-okologisk/", "kolonial_id": "26220"},
  {"category": "Ferdigmikser", "category_list": ["Alle varer", "Mel og bakeingredienser", "Ferdigmikser"], "title": "Fin Kakemiks", "price": 29.6, "product_variant": "Glutenfri, 346 g", "quantity_info": [[346.0, "g"]], "image_url": "/media/uploads/public/27/188/965388-fe763-product_list.jpg", "unit_price_raw": "kr 85,55 per kg", "product_url": "https://kolonial.no/produkter/6331-toro-fin-kakemiks-glutenfri-370g/", "kolonial_id": "6331"},
  {"category": "Tyggis og pastiller", "category_list": ["Alle varer", "Snacks og godteri", "Tyggis og pastiller"], "title": "Extra Sweet Mint", "price": 16.1, "product_variant": "14 g", "quantity_info": [[14.0, "g"]], "image_url": "/media/uploads/public/197/158/965758-da1c8-product_list.jpg", "unit_price_raw": "kr 1150,00 per kg", "product_url": "https://kolonial.no/produkter/14578-extra-extra-sweet-mint/", "kolonial_id": "14578"},
  {"category": "Frokostblandinger og gryn", "category_list": ["Alle varer", "Br\u00f8d og frokostblandinger", "Frokostblandinger og gryn"], "title": "Bj\u00f8rn Havregryn Store", "price": 33.1, "product_variant": "Glutenfri, 700 g", "quantity_info": [[700.0, "g"]], "image_url": "/media/uploads/public/2/153/186153-5971e-product_list.jpg", "unit_price_raw": "kr 47,29 per kg", "product_url": "https://kolonial.no/produkter/1828-axa-bjorn-havregryn-store-glutenfri-700g/", "kolonial_id": "1828"},
  {"category": "Supper", "category_list": ["Alle varer", "Middager og tilbeh\u00f8r", "Supper"], "title": "Kantarellsuppe Med Persille", "price": 19.3, "product_variant": "65 g", "quantity_info": [[65.0, "g"]], "image_url": "/media/uploads/public/363/175/964575-f2967-product_list.jpg", "unit_price_raw": "kr 296,92 per kg", "product_url": "https://kolonial.no/produkter/7342-knorr-kantarellsuppe-med-persille/", "kolonial_id": "7342"},
  {"category": "Supper", "category_list": ["Alle varer", "Middager og tilbeh\u00f8r", "Supper"], "title": "Kyllingsuppe Kremet", "price": 22.7, "product_variant": "Rett i Koppen, 22 g", "quantity_info": [[22.0, "g"]], "image_url": "/media/uploads/public/356/372/965572-227f7-product_list.jpg", "unit_price_raw": "kr 1031,82 per kg", "product_url": "https://kolonial.no/produkter/6325-toro-kyllingsuppe-kremet-rett-i-koppen/", "kolonial_id": "6325"},
  {"category": "Knekkebr\u00f8d", "category_list": ["Alle varer", "Br\u00f8d og frokostblandinger", "Knekkebr\u00f8d"], "title": "Fiberrik Solsikke", "price": 33.1, "product_variant": "125 g", "quantity_info": [[125.0, "g"]], "image_url": "/media/uploads/public/358/391/968791-ab5eb-product_list.jpg", "unit_price_raw": "kr 264,80 per kg", "product_url": "https://kolonial.no/produkter/16543-saetre-fiberrik-solsikke/", "kolonial_id": "16543"},
  {"category": "Langtidsholdbare br\u00f8d", "category_list": ["Alle varer", "Br\u00f8d og frokostblandinger", "Langtidsholdbare br\u00f8d"], "title": "Ciabatta 4pk", "price": 13.4, "product_variant": "250 g", "quantity_info": [[250.0, "g"]], "image_url": "/media/uploads/public/287/289/966289-87667-product_list.jpg", "unit_price_raw": "kr 53,60 per kg", "product_url": "https://kolonial.no/produkter/8558-rema-1000-ciabatta-4pk/", "kolonial_id": "8558"},
  {"category": "Pasta og nudler", "category_list": ["Alle varer", "Middager og tilbeh\u00f8r", "Pasta og nudler"], "title": "Fullkorn Fusilli", "price": 18.3, "product_variant": "500 g", "quantity_info": [[500.0, "g"]], "image_url": "/media/uploads/public/291/149/966149-4ffff-product_list.jpg", "unit_price_raw": "kr 36,60 per kg", "product_url": "https://kolonial.no/produkter/8648-rema-1000-fullkorn-fusilli-500g/", "kolonial_id": "8648"},
  {"category": "Hermetisert frukt og gr\u00f8nt", "category_list": ["Alle varer", "Frukt og gr\u00f8nt", "Hermetisert frukt og gr\u00f8nt"], "title": "B\u00f8nner R\u00f8de Kidney", "price": 26.8, "product_variant": "432 g", "quantity_info": [[432.0, "g"]], "image_url": "/media/uploads/public/0/146/13346-d065c-product_list.jpg", "unit_price_raw": "kr 62,04 per kg", "product_url": "https://kolonial.no/produkter/9851-sw-bonner-rode-kidney-432g/", "kolonial_id": "9851"},
  {"category": "Diverse husholdning", "category_list": ["Alle varer", "Husholdning og tekstil", "Diverse husholdning"], "title": "Kiwi Parade Gloss Black Svamp", "price": 32.2, "product_variant": "50 ml", "quantity_info": [[50.0, "ml"]], "image_url": "/media/uploads/public/81/278/1007878-5114e-product_list.jpg", "unit_price_raw": "kr 644,00 per l", "product_url": "https://kolonial.no/produkter/19342-kiwi-kiwi-parade-gloss-black-svamp/", "kolonial_id": "19342"},
  {"category": "Diverse husholdning", "category_list": ["Alle varer", "Husholdning og tekstil", "Diverse husholdning"], "title": "Express Shine Sort Svamp", "price": 23.3, "product_variant": "7 ml", "quantity_info": [[7.0, "ml"]], "image_url": "/media/uploads/public/347/227/973827-6dba6-product_list.jpg", "unit_price_raw": "kr 3328,57 per l", "product_url": "https://kolonial.no/produkter/15729-kiwi-express-shine-sort-svamp/", "kolonial_id": "15729"},
  {"category": "Ferdige middagsretter", "category_list": ["Alle varer", "Middager og tilbeh\u00f8r", "Ferdige middagsretter"], "title": "Thai Chicken Red Curry", "price": 41.4, "product_variant": "350 g", "quantity_info": [[350.0, "g"]], "image_url": "/media/uploads/public/232/19/972419-88e6a-product_list.jpg", "unit_price_raw": "kr 118,29 per kg", "product_url": "https://kolonial.no/produkter/16356-rema-1000-thai-chicken-red-curry/", "kolonial_id": "16356"},
  {"category": "P\u00f8lser", "category_list": ["Alle varer", "Kj\u00f8tt og kylling", "P\u00f8lser"], "title": "Grillp\u00f8lse Pepperoni", "price": 41.5, "product_variant": "600 g", "quantity_info": [[600.0, "g"]], "image_url": "/media/uploads/public/241/211/187811-233de-product_list.jpg", "unit_price_raw": "kr 69,17 per kg", "product_url": "https://kolonial.no/produkter/25261-gilde-grillpolse-pepperoni/", "kolonial_id": "25261"},
  {"category": "Kontor", "category_list": ["Alle varer", "Husholdning og tekstil", "Kontor"], "title": "Scotch Limstift", "price": 34.1, "product_variant": "2 stk", "quantity_info": [[2.0, "stk"]], "image_url": "/media/uploads/public/0/220/45820-8076e-product_list.jpg", "unit_price_raw": "kr 17,05 per stk", "product_url": "https://kolonial.no/produkter/14677-scotch-limstift/", "kolonial_id": "14677"},
  {"category": "Fr\u00f8, n\u00f8tter og t\u00f8rket frukt", "category_list": ["Alle varer", "Frukt og gr\u00f8nt", "Fr\u00f8, n\u00f8tter og t\u00f8rket frukt"], "title": "Linfr\u00f8 Knuste", "price": 30.8, "product_variant": "350 g", "quantity_info": [[350.0, "g"]], "image_url": "/media/uploads/public/0/28/13628-9f0fd-product_list.jpg", "unit_price_raw": "kr 88,00 per kg", "product_url": "https://kolonial.no/produkter/9986-helios-linfro-knuste-350g/", "kolonial_id": "9986"},
  {"category": "Kj\u00f8ttboller og karbonader", "category_list": ["Alle varer", "Kj\u00f8tt og kylling", "Kj\u00f8ttboller og karbonader"], "title": "Spicy Kj\u00f8ttboller Topping", "price": 20.0, "product_variant": "130 g", "quantity_info": [[130.0, "g"]], "image_url": "/media/uploads/public/113/60/373260-fbdc3-product_list.jpg", "unit_price_raw": "kr 153,85 per kg", "product_url": "https://kolonial.no/produkter/25992-rema-1000-spicy-kjottboller-topping/", "kolonial_id": "25992"},
  {"category": "Kj\u00f8ttboller og karbonader", "category_list": ["Alle varer", "Kj\u00f8tt og kylling", "Kj\u00f8ttboller og karbonader"], "title": "Fersk Falafel  Brokkoli", "price": 37.9, "product_variant": "190 g", "quantity_info": [[190.0, "g"]], "image_url": "/media/uploads/public/334/28/978428-aeaa5-product_list.jpg", "unit_price_raw": "kr 199,47 per kg", "product_url": "https://kolonial.no/produkter/27794-sevan-falafel-fersk-brokkoli/", "kolonial_id": "27794"},
  {"category": "Gr\u00f8nnsaker", "category_list": ["Alle varer", "Frukt og gr\u00f8nt", "Gr\u00f8nnsaker"], "title": "R\u00f8dl\u00f8k Skivet", "price": 26.9, "product_variant": "500 g", "quantity_info": [[500.0, "g"]], "image_url": "/media/uploads/public/0/272/76672-26bb0-product_list.jpg", "unit_price_raw": "kr 53,80 per kg", "product_url": "https://kolonial.no/produkter/19048-rodlok-skivet/", "kolonial_id": "19048"},
  {"category": "Frukt", "category_list": ["Alle varer", "Frukt og gr\u00f8nt", "Frukt"], "title": "Physalis Kurv", "price": 30.9, "product_variant": "Colombia, 100 g", "quantity_info": [[100.0, "g"]], "image_url": "/media/uploads/public/0/366/91966-7dc50-product_list.jpg", "unit_price_raw": "kr 309,00 per kg", "product_url": "https://kolonial.no/produkter/19681-physalis-kurv-colombia/", "kolonial_id": "19681"},
  {"category": "Middags-kit og gryteretter", "category_list": ["Alle varer", "Middager og tilbeh\u00f8r", "Middags-kit og gryteretter"], "title": "Havregr\u00f8t Bl\u00e5b\u00e6r Beger", "price": 14.3, "product_variant": "50 g", "quantity_info": [[50.0, "g"]], "image_url": "/media/uploads/public/266/80/188080-f493d-product_list.jpg", "unit_price_raw": "kr 286,00 per kg", "product_url": "https://kolonial.no/produkter/25159-axa-havregrot-blabaer-beger/", "kolonial_id": "25159"},
  {"category": "Posesauser", "category_list": ["Alle varer", "Middager og tilbeh\u00f8r", "Posesauser"], "title": "Kremet Fiskesaus", "price": 17.9, "product_variant": "27 g", "quantity_info": [[27.0, "g"]], "image_url": "/media/uploads/public/104/177/969377-47ccb-product_list.jpg", "unit_price_raw": "kr 662,96 per kg", "product_url": "https://kolonial.no/produkter/18136-knorr-kremet-fiskesaus/", "kolonial_id": "18136"},
  {"category": "Posesauser", "category_list": ["Alle varer", "Middager og tilbeh\u00f8r", "Posesauser"], "title": "Quattro Formaggi", "price": 16.6, "product_variant": "27 g", "quantity_info": [[27.0, "g"]], "image_url": "/media/uploads/public/381/299/969499-1a33f-product_list.jpg", "unit_price_raw": "kr 614,81 per kg", "product_url": "https://kolonial.no/produkter/18280-knorr-quattro-formaggi/", "kolonial_id": "18280"},
  {"category": "Middagstilbeh\u00f8r", "category_list": ["Alle varer", "Middager og tilbeh\u00f8r", "Middagstilbeh\u00f8r"], "title": "El Yucateco Jalapeno Saus", "price": 42.9, "product_variant": "150 mm", "quantity_info": [[150.0, "mm"]], "image_url": "/media/uploads/public/275/307/1020307-ea16d-product_list.jpg", "unit_price_raw": "kr 286,00 per m", "product_url": "https://kolonial.no/produkter/28158-el-yucateco-jalapeno-saus/", "kolonial_id": "28158"},
  {"category": "Kylling, kalkun og and", "category_list": ["Alle varer", "Kj\u00f8tt og kylling", "Kylling, kalkun og and"], "title": "Kylling L\u00e5rfilet", "price": 79.9, "product_variant": "ca. 500 g", "quantity_info": [[500.0, "g"]], "image_url": "/media/uploads/public/172/97/711297-1c0cb-product_list.jpg", "unit_price_raw": "kr 159,80 per kg", "product_url": "https://kolonial.no/produkter/27618-kylling-larfilet/", "kolonial_id": "27618"},
  {"category": "Smoothie, yoghurt og mellomm\u00e5ltid", "category_list": ["Alle varer", "Barneprodukter", "Smoothie, yoghurt og mellomm\u00e5ltid"], "title": "Smoothie The Pink One", "price": 17.3, "product_variant": "Fra 6 mnd, 90 g", "quantity_info": [[6.0, "mnd"], [90.0, "g"]], "image_url": "/media/uploads/public/369/362/969162-1a470-product_list.jpg", "unit_price_raw": "kr 192,22 per kg", "product_url": "https://kolonial.no/produkter/10010-ellas-kitchen-smoothie-pink-one-fra-6-mnd-90g/", "kolonial_id": "10010"},
  {"category": "Middagsglass", "category_list": ["Alle varer", "Barneprodukter", "Middagsglass"], "title": "Organix Gulrot & Quinoa", "price": 19.6, "product_variant": "Fra 6 mnd, 120 g", "quantity_info": [[6.0, "mnd"], [120.0, "g"]], "image_url": "/media/uploads/public/159/390/972790-7a146-product_list.jpg", "unit_price_raw": "kr 163,33 per kg", "product_url": "https://kolonial.no/produkter/26743-semper-organix-gulrot-quinoa-fra-6-mnd/", "kolonial_id": "26743"},
  {"category": "Gr\u00f8t", "category_list": ["Alle varer", "Barneprodukter", "Gr\u00f8t"], "title": "Fullkornsgr\u00f8t med Frukt & B\u00e6r", "price": 75.5, "product_variant": "Fra 1,5 \u00e5r, 16 porsjoner, 480 g", "quantity_info": [[1.5, "\u00e5r"], [16.0, "porsjoner"], [480.0, "g"]], "image_url": "/media/uploads/public/234/271/140271-c7c71-product_list.jpg", "unit_price_raw": "kr 157,29 per kg", "product_url": "https://kolonial.no/produkter/23965-hipp-fullkornsgrot-med-frukt-baer-fra-15-ar-16-por/", "kolonial_id": "23965"},
  {"category": "Gr\u00f8t", "category_list": ["Alle varer", "Barneprodukter", "Gr\u00f8t"], "title": "Fullkorngr\u00f8t P\u00e6re & Banan", "price": 72.3, "product_variant": "Fra 8 mnd, 480 g", "quantity_info": [[8.0, "mnd"], [480.0, "g"]], "image_url": "/media/uploads/public/208/320/973520-92f2f-product_list.jpg", "unit_price_raw": "kr 150,63 per kg", "product_url": "https://kolonial.no/produkter/7396-semper-fullkorngrot-paere-banan-fra-8-mnd/", "kolonial_id": "7396"},
  {"category": "Honning og s\u00f8tp\u00e5legg", "category_list": ["Alle varer", "P\u00e5legg", "Honning og s\u00f8tp\u00e5legg"], "title": "Sjokoduo", "price": 24.1, "product_variant": "400 g", "quantity_info": [[400.0, "g"]], "image_url": "/media/uploads/public/237/277/966277-dc0c0-product_list.jpg", "unit_price_raw": "kr 60,25 per kg", "product_url": "https://kolonial.no/produkter/8570-rema-1000-sjokoduo-400g/", "kolonial_id": "8570"},
  {"category": "Snus", "category_list": ["Alle varer", "Snus og tobakk", "Snus"], "title": "Bl\u00e5 Snus", "price": 114.9, "product_variant": "42 g", "quantity_info": [[42.0, "g"]], "image_url": "https://kolonial.no/static/products/img/placeholder.bffcea8d3530.png", "unit_price_raw": "kr 2735,71 per kg", "product_url": "https://kolonial.no/produkter/17599-bla-snus/", "kolonial_id": "17599"},
  {"category": "Snus", "category_list": ["Alle varer", "Snus og tobakk", "Snus"], "title": "Ettan No1 L\u00f8s", "price": 109.9, "product_variant": "42 g", "quantity_info": [[42.0, "g"]], "image_url": "https://kolonial.no/static/products/img/placeholder.bffcea8d3530.png", "unit_price_raw": "kr 2616,67 per kg", "product_url": "https://kolonial.no/produkter/15972-ettan-no1-los/", "kolonial_id": "15972"},
  {"category": "Sigaretter", "category_list": ["Alle varer", "Snus og tobakk", "Sigaretter"], "title": "Tiedemanns R\u00f8d", "price": 119.9, "product_variant": "20 stk", "quantity_info": [[20.0, "stk"]], "image_url": "https://kolonial.no/static/products/img/placeholder.bffcea8d3530.png", "unit_price_raw": "kr 6,00 per stk", "product_url": "https://kolonial.no/produkter/15519-tiedemanns-tiedemanns-rod/", "kolonial_id": "15519"},
  {"category": "Sigaretter", "category_list": ["Alle varer", "Snus og tobakk", "Sigaretter"], "title": "Camel Blue", "price": 117.9, "product_variant": "20 stk", "quantity_info": [[20.0, "stk"]], "image_url": "https://kolonial.no/static/products/img/placeholder.bffcea8d3530.png", "unit_price_raw": "kr 5,90 per stk", "product_url": "https://kolonial.no/produkter/24336-camel-camel-blue/", "kolonial_id": "24336"},
  {"category": "Leverpostei", "category_list": ["Alle varer", "P\u00e5legg", "Leverpostei"], "title": "Barbeque Leverpostei", "price": 15.0, "product_variant": "150 g", "quantity_info": [[150.0, "g"]], "image_url": "/media/uploads/public/66/206/973806-c3f00-product_list.jpg", "unit_price_raw": "kr 100,00 per kg", "product_url": "https://kolonial.no/produkter/27856-gilde-leverpostei-barbeque/", "kolonial_id": "27856"},
  {"category": "Syltet\u00f8y", "category_list": ["Alle varer", "P\u00e5legg", "Syltet\u00f8y"], "title": "Bringeb\u00e6rsyltet\u00f8y Uten Tilsatt Sukker", "price": 32.6, "product_variant": "275 g", "quantity_info": [[275.0, "g"]], "image_url": "/media/uploads/public/237/12/155212-1693d-product_list.jpg", "unit_price_raw": "kr 118,55 per kg", "product_url": "https://kolonial.no/produkter/25023-nora-bringebaersyltetoy-uten-tilsatt-sukker/", "kolonial_id": "25023"},
  {"category": "Spekemat og salami", "category_list": ["Alle varer", "P\u00e5legg", "Spekemat og salami"], "title": "Salami Siliana Skivet", "price": 41.5, "product_variant": "130 g", "quantity_info": [[130.0, "g"]], "image_url": "/media/uploads/public/163/287/966687-46d6e-product_list.jpg", "unit_price_raw": "kr 319,23 per kg", "product_url": "https://kolonial.no/produkter/13132-gilde-salami-siliana-skivet-130g/", "kolonial_id": "13132"},
  {"category": "Kattemat", "category_list": ["Alle varer", "Dyremat", "Kattemat"], "title": "Selection Kalv & Kalkun", "price": 12.5, "product_variant": "85 g", "quantity_info": [[85.0, "g"]], "image_url": "/media/uploads/public/352/291/967491-6d785-product_list.jpg", "unit_price_raw": "kr 147,06 per kg", "product_url": "https://kolonial.no/produkter/15585-sheba-selection-kalv-kalkun/", "kolonial_id": "15585"},
  {"category": "Fl\u00f8te og r\u00f8mmeprodukter", "category_list": ["Alle varer", "Melk, meieriprodukter og egg", "Fl\u00f8te og r\u00f8mmeprodukter"], "title": "Kesam Mager", "price": 20.8, "product_variant": "300 g", "quantity_info": [[300.0, "g"]], "image_url": "/media/uploads/public/71/377/367577-d455f-product_list.jpg", "unit_price_raw": "kr 69,33 per kg", "product_url": "https://kolonial.no/produkter/1306-tine-kesam-mager-300g/", "kolonial_id": "1306"},
  {"category": "Yoghurt", "category_list": ["Alle varer", "Melk, meieriprodukter og egg", "Yoghurt"], "title": "Go'morgen ZERO", "price": 16.7, "product_variant": "Mango, 190 g", "quantity_info": [[190.0, "g"]], "image_url": "/media/uploads/public/7/2/968402-eee37-product_list.jpg", "unit_price_raw": "kr 87,89 per kg", "product_url": "https://kolonial.no/produkter/12202-tine-gomorgen-zero-mango-190g/", "kolonial_id": "12202"},
  {"category": "Yoghurt", "category_list": ["Alle varer", "Melk, meieriprodukter og egg", "Yoghurt"], "title": "Go'morgen Gresk", "price": 17.1, "product_variant": "Naturell med Cr\u00fcsli, 195 g", "quantity_info": [[195.0, "g"]], "image_url": "/media/uploads/public/110/390/968390-f96e3-product_list.jpg", "unit_price_raw": "kr 87,69 per kg", "product_url": "https://kolonial.no/produkter/12076-tine-gomorgen-gresk-naturell-med-crusli-195g/", "kolonial_id": "12076"},
  {"category": "Sm\u00f8r og margarin", "category_list": ["Alle varer", "Melk, meieriprodukter og egg", "Sm\u00f8r og margarin"], "title": "Ekte Sm\u00f8r", "price": 26.5, "product_variant": "250 g", "quantity_info": [[250.0, "g"]], "image_url": "/media/uploads/public/17/386/966386-e334a-product_list.jpg", "unit_price_raw": "kr 106,00 per kg", "product_url": "https://kolonial.no/produkter/125-tine-ekte-smor-250g/", "kolonial_id": "125"},
  {"category": "Te", "category_list": ["Alle varer", "Drikkevarer", "Te"], "title": "Russian Earl Grey", "price": 34.7, "product_variant": "\u00d8kologisk, 20 stk", "quantity_info": [[20.0, "stk"]], "image_url": "/media/uploads/public/273/120/262520-5b4fd-product_list.jpg", "unit_price_raw": "kr 1,74 per stk", "product_url": "https://kolonial.no/produkter/25512-lipton-russian-earl-grey-okologisk/", "kolonial_id": "25512"},
  {"category": "Te", "category_list": ["Alle varer", "Drikkevarer", "Te"], "title": "Urtete Do the Detox", "price": 35.9, "product_variant": "20 stk", "quantity_info": [[20.0, "stk"]], "image_url": "/media/uploads/public/395/207/625807-954e0-product_list.jpg", "unit_price_raw": "kr 1,80 per stk", "product_url": "https://kolonial.no/produkter/26747-lipton-urtete-do-detox/", "kolonial_id": "26747"},
  {"category": "Kaffe", "category_list": ["Alle varer", "Drikkevarer", "Kaffe"], "title": "Espresso Brasil", "price": 59.0, "product_variant": "Hele B\u00f8nner, 225 g", "quantity_info": [[225.0, "g"]], "image_url": "/media/uploads/public/46/223/660223-52a9a-product_list.jpg", "unit_price_raw": "kr 262,22 per kg", "product_url": "https://kolonial.no/produkter/27157-kolonihagen-espresso-brasil-hele-bonner/", "kolonial_id": "27157"},
  {"category": "Saft", "category_list": ["Alle varer", "Drikkevarer", "Saft"], "title": "Strawberry & Red Orange", "price": 40.4, "product_variant": "0,8 l", "quantity_info": [[0.8, "l"]], "image_url": "/media/uploads/public/61/238/969838-f4ede-product_list.jpg", "unit_price_raw": "kr 50,50 per l", "product_url": "https://kolonial.no/produkter/19321-zeroh-strawberry-red-orange/", "kolonial_id": "19321"},
  {"category": "Juice", "category_list": ["Alle varer", "Drikkevarer", "Juice"], "title": "Premium Mango Eple Juice", "price": 36.9, "product_variant": "1 l", "quantity_info": [[1.0, "l"]], "image_url": "/media/uploads/public/303/232/758232-a2581-product_list.jpg", "unit_price_raw": "kr 36,90 per l", "product_url": "https://kolonial.no/produkter/27779-sunniva-premium-mango-eple-juice/", "kolonial_id": "27779"},
  {"category": "Vann og mineralvann", "category_list": ["Alle varer", "Drikkevarer", "Vann og mineralvann"], "title": "Olden Eple", "price": 20.9, "product_variant": "Med Kullsyre, 0,5 l", "quantity_info": [[0.5, "l"]], "image_url": "/media/uploads/public/160/205/970605-12b12-product_list.jpg", "unit_price_raw": "kr 41,80 per l", "product_url": "https://kolonial.no/produkter/21817-olden-olden-eple-med-kullsyre/", "kolonial_id": "21817"},
  {"category": "Bleier", "category_list": ["Alle varer", "Barneprodukter", "Bleier"], "title": "Lev Vel Bleier XL", "price": 39.6, "product_variant": "Str. 6 15-30kg, 40 stk", "quantity_info": [[615.0, ""], [30.0, "kg"], [40.0, "stk"]], "image_url": "/media/uploads/public/332/98/969298-afd7f-product_list.jpg", "unit_price_raw": "kr 0,99 per stk", "product_url": "https://kolonial.no/produkter/17956-rema-1000-lev-vel-bleier-xl-str-6-15-30kg/", "kolonial_id": "17956"},
  {"category": "Bleier", "category_list": ["Alle varer", "Barneprodukter", "Bleier"], "title": "Lev Vel Buksebleier XL", "price": 38.2, "product_variant": "Str.6 16-26kg, 28 stk", "quantity_info": [[616.0, ""], [26.0, "kg"], [28.0, "stk"]], "image_url": "/media/uploads/public/108/235/641035-e4d90-product_list.jpg", "unit_price_raw": "kr 1,36 per stk", "product_url": "https://kolonial.no/produkter/26983-rema-1000-lev-vel-buksebleier-xl-str6-16-26kg/", "kolonial_id": "26983"},
  {"category": "Spesialoster", "category_list": ["Alle varer", "Oster", "Spesialoster"], "title": "Gamalost Fr\u00e5 Vik", "price": 55.5, "product_variant": "150 g", "quantity_info": [[150.0, "g"]], "image_url": "/media/uploads/public/244/226/966626-15aaf-product_list.jpg", "unit_price_raw": "kr 370,00 per kg", "product_url": "https://kolonial.no/produkter/12277-tine-gamalost-fra-vik-150g/", "kolonial_id": "12277"},
  {"category": "Brus", "category_list": ["Alle varer", "Drikkevarer", "Brus"], "title": "Borg Ingef\u00e6r\u00f8l", "price": 40.1, "product_variant": "1,5 l", "quantity_info": [[1.5, "l"]], "image_url": "/media/uploads/public/60/217/332217-b7793-product_list.jpg", "unit_price_raw": "kr 26,73 per l", "product_url": "https://kolonial.no/produkter/25690-hansa-borg-borg-ingefaerol/", "kolonial_id": "25690"},
  {"category": "Hundemat", "category_list": ["Alle varer", "Dyremat", "Hundemat"], "title": "Country Special Selection", "price": 44.5, "product_variant": "600 g", "quantity_info": [[600.0, "g"]], "image_url": "/media/uploads/public/199/240/965840-773f1-product_list.jpg", "unit_price_raw": "kr 74,17 per kg", "product_url": "https://kolonial.no/produkter/13921-cecar-country-special-selection-600g/", "kolonial_id": "13921"},
  {"category": "Taco", "category_list": ["Alle varer", "Pizza og taco", "Taco"], "title": "Taco Sauce", "price": 9.3, "product_variant": "Medium, 230 g", "quantity_info": [[230.0, "g"]], "image_url": "/media/uploads/public/268/259/972659-c38ca-product_list.jpg", "unit_price_raw": "kr 40,43 per kg", "product_url": "https://kolonial.no/produkter/7252-old-el-paso-taco-sauce-medium-230g/", "kolonial_id": "7252"},
  {"category": "Taco", "category_list": ["Alle varer", "Pizza og taco", "Taco"], "title": "Restaurante Salsa Smoky Chipotle", "price": 32.9, "product_variant": "292 g", "quantity_info": [[292.0, "g"]], "image_url": "/media/uploads/public/157/268/971468-ab7f7-product_list.jpg", "unit_price_raw": "kr 112,67 per kg", "product_url": "https://kolonial.no/produkter/23481-old-el-paso-restaurante-salsa-smoky-chipotle/", "kolonial_id": "23481"},
  {"category": "Krydder", "category_list": ["Alle varer", "Olje og krydder", "Krydder"], "title": "Seafood & Fish Premium", "price": 55.8, "product_variant": "Med kvern, 90 g", "quantity_info": [[90.0, "g"]], "image_url": "/media/uploads/public/324/375/996375-256a3-product_list.jpg", "unit_price_raw": "kr 620,00 per kg", "product_url": "https://kolonial.no/produkter/7600-santa-maria-seafood-fish-premium-med-kvern-90g/", "kolonial_id": "7600"},
  {"category": "Krydder", "category_list": ["Alle varer", "Olje og krydder", "Krydder"], "title": "Chicken & Steak", "price": 55.8, "product_variant": "Med kvern, 75 g", "quantity_info": [[75.0, "g"]], "image_url": "/media/uploads/public/58/2/964402-f1fdb-product_list.jpg", "unit_price_raw": "kr 744,00 per kg", "product_url": "https://kolonial.no/produkter/7585-santa-maria-chicken-steak-med-kvern-75g/", "kolonial_id": "7585"},
  {"category": "Helsekost", "category_list": ["Alle varer", "Legemidler og helsekost", "Helsekost"], "title": "Topping Traneb\u00e6r", "price": 129.9, "product_variant": "\u00d8kologisk, 200 g", "quantity_info": [[200.0, "g"]], "image_url": "/media/uploads/public/77/249/702649-adce6-product_list.jpg", "unit_price_raw": "kr 649,50 per kg", "product_url": "https://kolonial.no/produkter/27470-superlife-topping-tranebaer-okologisk/", "kolonial_id": "27470"},
  {"category": "Proteinbar og m\u00fcslibar", "category_list": ["Alle varer", "Legemidler og helsekost", "Proteinbar og m\u00fcslibar"], "title": "Protein Wafer Sjokolade", "price": 22.9, "product_variant": "38 g", "quantity_info": [[38.0, "g"]], "image_url": "/media/uploads/public/257/68/973668-33ed7-product_list.jpg", "unit_price_raw": "kr 602,63 per kg", "product_url": "https://kolonial.no/produkter/27563-novo-nutrition-protein-wafer-sjokolade/", "kolonial_id": "27563"},
  {"category": "Bind og tamponger", "category_list": ["Alle varer", "Hygieneartikler", "Bind og tamponger"], "title": "Tamponger Regular, Ikke Klorbleket", "price": 38.0, "product_variant": "\u00d8kologisk, 18 stk", "quantity_info": [[18.0, "stk"]], "image_url": "/media/uploads/public/177/129/128129-65fda-product_list.jpg", "unit_price_raw": "kr 2,11 per stk", "product_url": "https://kolonial.no/produkter/23451-masmi-tamponger-regular-ikke-klorbleket-okologisk/", "kolonial_id": "23451"},
  {"category": "Kluter, svamper og hansker", "category_list": ["Alle varer", "T\u00f8rkepapir og vaskemidler", "Kluter, svamper og hansker"], "title": "Jordan Easy Wipes Kj\u00f8kken", "price": 43.1, "product_variant": "60 stk", "quantity_info": [[60.0, "stk"]], "image_url": "/media/uploads/public/109/160/969360-5a0aa-product_list.jpg", "unit_price_raw": "kr 0,72 per stk", "product_url": "https://kolonial.no/produkter/26637-jordan-jordan-easy-wipes-kjokken/", "kolonial_id": "26637"},
  {"category": "Shampo og h\u00e5rprodukter", "category_list": ["Alle varer", "Shampo, s\u00e5pe og krem", "Shampo og h\u00e5rprodukter"], "title": "Balsam Anti Frizz", "price": 103.9, "product_variant": "1 l", "quantity_info": [[1.0, "l"]], "image_url": "/media/uploads/public/360/83/152083-b584e-product_list.jpg", "unit_price_raw": "kr 103,90 per l", "product_url": "https://kolonial.no/produkter/24857-fab-hair-balsam-anti-frizz/", "kolonial_id": "24857"},
  {"category": "Krem", "category_list": ["Alle varer", "Shampo, s\u00e5pe og krem", "Krem"], "title": "Advanced Repair Hand Cream", "price": 37.9, "product_variant": "75 ml", "quantity_info": [[75.0, "ml"]], "image_url": "/media/uploads/public/218/147/262547-ca7bb-product_list.jpg", "unit_price_raw": "kr 505,33 per l", "product_url": "https://kolonial.no/produkter/25539-vaseline-intensive-care-advanced-repair-hand-cream/", "kolonial_id": "25539"},
  {"category": "Gulost", "category_list": ["Alle varer", "Oster", "Gulost"], "title": "Taffelost Tomat", "price": 49.4, "product_variant": "400 g", "quantity_info": [[400.0, "g"]], "image_url": "/media/uploads/public/0/21/2821-51bd7-product_list.jpg", "unit_price_raw": "kr 123,50 per kg", "product_url": "https://kolonial.no/produkter/2287-tine-taffelost-tomat/", "kolonial_id": "2287"},
  {"category": "Fryst pizza", "category_list": ["Alle varer", "Pizza og taco", "Fryst pizza"], "title": "Tradizionale Diavola", "price": 39.5, "product_variant": "345 g", "quantity_info": [[345.0, "g"]], "image_url": "/media/uploads/public/200/11/970411-5e9a3-product_list.jpg", "unit_price_raw": "kr 114,49 per kg", "product_url": "https://kolonial.no/produkter/21364-dr-oetker-tradizionale-diavola/", "kolonial_id": "21364"},
  {"category": "Tannpleie", "category_list": ["Alle varer", "Hygieneartikler", "Tannpleie"], "title": "Tannb\u00f8rste Soft Hvit", "price": 37.8, "product_variant": "100% Nedbrytbar, 1 stk", "quantity_info": [[100.0, "Nedbrytbar"], [1.0, "stk"]], "image_url": "/media/uploads/public/291/82/373282-6cf57-product_list.jpg", "unit_price_raw": "kr 37,80 per stk", "product_url": "https://kolonial.no/produkter/25950-humble-brush-tannborste-soft-hvit-100-nedbrytbar/", "kolonial_id": "25950"},
  {"category": "Frossen fisk og sj\u00f8mat", "category_list": ["Alle varer", "Fisk og sj\u00f8mat", "Frossen fisk og sj\u00f8mat"], "title": "Laksefilet Skinn- & Benfri", "price": 139.6, "product_variant": "\u00d8kologisk, 500 g", "quantity_info": [[500.0, "g"]], "image_url": "/media/uploads/public/205/34/662434-bced6-product_list.jpg", "unit_price_raw": "kr 279,20 per kg", "product_url": "https://kolonial.no/produkter/17170-godehav-laksefilet-skinn-benfri-okologisk/", "kolonial_id": "17170"},
  {"category": "Baketilbeh\u00f8r", "category_list": ["Alle varer", "Mel og bakeingredienser", "Baketilbeh\u00f8r"], "title": "Konditorfarger", "price": 34.6, "product_variant": "4 x 10g, 40 g", "quantity_info": [[4.0, "x"], [10.0, "g"], [40.0, "g"]], "image_url": "/media/uploads/public/101/392/134792-d4fb5-product_list.jpg", "unit_price_raw": "kr 865,00 per kg", "product_url": "https://kolonial.no/produkter/23762-dr-oetker-konditorfarger-4-x-10g/", "kolonial_id": "23762"},
  {"category": "Baketilbeh\u00f8r", "category_list": ["Alle varer", "Mel og bakeingredienser", "Baketilbeh\u00f8r"], "title": "Kakepynt Silver", "price": 41.2, "product_variant": "4 kammer, 85 g", "quantity_info": [[4.0, "kammer"], [85.0, "g"]], "image_url": "/media/uploads/public/309/5/134805-32909-product_list.jpg", "unit_price_raw": "kr 484,71 per kg", "product_url": "https://kolonial.no/produkter/23776-dr-oetker-kakepynt-silver-4-kammer/", "kolonial_id": "23776"},
  {"category": "Hermetisert sj\u00f8mat", "category_list": ["Alle varer", "Fisk og sj\u00f8mat", "Hermetisert sj\u00f8mat"], "title": "Kippers", "price": 28.8, "product_variant": "106 g", "quantity_info": [[106.0, "g"]], "image_url": "/media/uploads/public/272/175/970575-4da07-product_list.jpg", "unit_price_raw": "kr 271,70 per kg", "product_url": "https://kolonial.no/produkter/21754-king-oscar-kippers/", "kolonial_id": "21754"},
  {"category": "Klesvask", "category_list": ["Alle varer", "T\u00f8rkepapir og vaskemidler", "Klesvask"], "title": "Klar T\u00f8yvask Parfymefri", "price": 55.9, "product_variant": "0,75 l", "quantity_info": [[0.75, "l"]], "image_url": "/media/uploads/public/122/85/985285-4b18d-product_list.jpg", "unit_price_raw": "kr 74,53 per l", "product_url": "https://kolonial.no/produkter/27973-klar-klar-toyvask-parfymefri/", "kolonial_id": "27973"},
  {"category": "Fersk fisk", "category_list": ["Alle varer", "Fisk og sj\u00f8mat", "Fersk fisk"], "title": "Lutefisk Helesider", "price": 63.9, "product_variant": "REMA 1000, \n                            \n\n                            ca. 1,6 kg", "quantity_info": [[1000.0, "ca"], [1.6, "kg"]], "image_url": "/media/uploads/public/196/368/636768-25b8e-product_list_large.jpg", "unit_price_raw": "kr 39,94 per kg", "product_url": "https://kolonial.no/produkter/16729-rema-1000-lutefisk-helesider/", "kolonial_id": "16729"},
  {"category": "Oljer og dressinger", "category_list": ["Alle varer", "Olje og krydder", "Oljer og dressinger"], "title": "Eplecider Eddik", "price": 57.9, "product_variant": "473 ml", "quantity_info": [[473.0, "ml"]], "image_url": "/media/uploads/public/55/270/964270-e1d9c-product_list.jpg", "unit_price_raw": "kr 122,41 per l", "product_url": "https://kolonial.no/produkter/7798-heinz-eplecider-eddik-047l/", "kolonial_id": "7798"},
  {"category": "Ferdigmikser", "category_list": ["Alle varer", "Mel og bakeingredienser", "Ferdigmikser"], "title": "Vafler Mix Glutenfri", "price": 23.1, "product_variant": "242 g", "quantity_info": [[242.0, "g"]], "image_url": "/media/uploads/public/353/197/965397-b9959-product_list.jpg", "unit_price_raw": "kr 95,45 per kg", "product_url": "https://kolonial.no/produkter/2566-toro-vafler-mix-glutenfri-246g/", "kolonial_id": "2566"},
  {"category": "Ferdigmikser", "category_list": ["Alle varer", "Mel og bakeingredienser", "Ferdigmikser"], "title": "Havrebr\u00f8d Glutenfri", "price": 37.1, "product_variant": "409 g", "quantity_info": [[409.0, "g"]], "image_url": "/media/uploads/public/116/281/965481-d9b37-product_list.jpg", "unit_price_raw": "kr 90,71 per kg", "product_url": "https://kolonial.no/produkter/10754-toro-havrebrod-glutenfri-409g/", "kolonial_id": "10754"},
  {"category": "Tyggis og pastiller", "category_list": ["Alle varer", "Snacks og godteri", "Tyggis og pastiller"], "title": "Extra Superberries", "price": 15.1, "product_variant": "14 g", "quantity_info": [[14.0, "g"]], "image_url": "/media/uploads/public/370/344/969544-a1c61-product_list.jpg", "unit_price_raw": "kr 1078,57 per kg", "product_url": "https://kolonial.no/produkter/18691-extra-extra-superberries/", "kolonial_id": "18691"},
  {"category": "Frokostblandinger og gryn", "category_list": ["Alle varer", "Br\u00f8d og frokostblandinger", "Frokostblandinger og gryn"], "title": "4 Korn", "price": 23.0, "product_variant": "675 g", "quantity_info": [[675.0, "g"]], "image_url": "/media/uploads/public/306/32/972432-32cf2-product_list.jpg", "unit_price_raw": "kr 34,07 per kg", "product_url": "https://kolonial.no/produkter/9566-axa-4-korn-750g/", "kolonial_id": "9566"},
  {"category": "Supper", "category_list": ["Alle varer", "Middager og tilbeh\u00f8r", "Supper"], "title": "Tomatsuppe Med Kj\u00f8tt", "price": 17.6, "product_variant": "Rett i Koppen, 26 g", "quantity_info": [[26.0, "g"]], "image_url": "/media/uploads/public/159/248/965448-b856b-product_list.jpg", "unit_price_raw": "kr 676,92 per kg", "product_url": "https://kolonial.no/produkter/6322-toro-tomatsuppe-med-kjott-rett-i-koppen/", "kolonial_id": "6322"},
  {"category": "Supper", "category_list": ["Alle varer", "Middager og tilbeh\u00f8r", "Supper"], "title": "Nudelsuppe Med Kylling", "price": 18.2, "product_variant": "Rett i Koppen, 1 stk", "quantity_info": [[1.0, "stk"]], "image_url": "/media/uploads/public/286/87/970887-17d57-product_list.jpg", "unit_price_raw": "kr 18,20 per stk", "product_url": "https://kolonial.no/produkter/14374-toro-nudelsuppe-med-kylling-rett-i-koppen/", "kolonial_id": "14374"},
  {"category": "Knekkebr\u00f8d", "category_list": ["Alle varer", "Br\u00f8d og frokostblandinger", "Knekkebr\u00f8d"], "title": "Mineral Plus", "price": 18.2, "product_variant": "200 g", "quantity_info": [[200.0, "g"]], "image_url": "/media/uploads/public/269/18/974018-d7d02-product_list.jpg", "unit_price_raw": "kr 91,00 per kg", "product_url": "https://kolonial.no/produkter/1157-wasa-mineral-plus-200g/", "kolonial_id": "1157"},
  {"category": "Langtidsholdbare br\u00f8d", "category_list": ["Alle varer", "Br\u00f8d og frokostblandinger", "Langtidsholdbare br\u00f8d"], "title": "Baguette Fin Steinovnsbakt", "price": 28.8, "product_variant": "250 g", "quantity_info": [[250.0, "g"]], "image_url": "/media/uploads/public/31/381/1015581-c8b63-product_list.jpg", "unit_price_raw": "kr 115,20 per kg", "product_url": "https://kolonial.no/produkter/13369-rema-1000-baguette-fin-steinovnsbakt-250g/", "kolonial_id": "13369"},
  {"category": "Pasta og nudler", "category_list": ["Alle varer", "Middager og tilbeh\u00f8r", "Pasta og nudler"], "title": "Farfalle", "price": 31.9, "product_variant": "500 g", "quantity_info": [[500.0, "g"]], "image_url": "/media/uploads/public/217/20/974020-1b4ca-product_list.jpg", "unit_price_raw": "kr 63,80 per kg", "product_url": "https://kolonial.no/produkter/1492-barilla-farfalle-500g/", "kolonial_id": "1492"},
  {"category": "Pasta og nudler", "category_list": ["Alle varer", "Middager og tilbeh\u00f8r", "Pasta og nudler"], "title": "Penne Rigate", "price": 30.9, "product_variant": "Glutenfri, 400 g", "quantity_info": [[400.0, "g"]], "image_url": "/media/uploads/public/181/351/973551-87872-product_list.jpg", "unit_price_raw": "kr 77,25 per kg", "product_url": "https://kolonial.no/produkter/27490-barilla-penne-rigate-glutenfri/", "kolonial_id": "27490"},
  {"category": "Hermetisert frukt og gr\u00f8nt", "category_list": ["Alle varer", "Frukt og gr\u00f8nt", "Hermetisert frukt og gr\u00f8nt"], "title": "B\u00f8nner Chili", "price": 28.3, "product_variant": "439 g", "quantity_info": [[439.0, "g"]], "image_url": "/media/uploads/public/0/149/13349-22463-product_list.jpg", "unit_price_raw": "kr 64,46 per kg", "product_url": "https://kolonial.no/produkter/9848-sw-bonner-chili-439g/", "kolonial_id": "9848"},
  {"category": "Diverse husholdning", "category_list": ["Alle varer", "Husholdning og tekstil", "Diverse husholdning"], "title": "Extreme Impregnering", "price": 63.8, "product_variant": "200 ml", "quantity_info": [[200.0, "ml"]], "image_url": "/media/uploads/public/335/72/985272-be438-product_list.jpg", "unit_price_raw": "kr 319,00 per l", "product_url": "https://kolonial.no/produkter/16134-kiwi-extreme-impregnering/", "kolonial_id": "16134"},
  {"category": "Ferdige middagsretter", "category_list": ["Alle varer", "Middager og tilbeh\u00f8r", "Ferdige middagsretter"], "title": "Thai Kylling Peanut", "price": 40.9, "product_variant": "350 g", "quantity_info": [[350.0, "g"]], "image_url": "/media/uploads/public/293/25/154825-aab46-product_list.jpg", "unit_price_raw": "kr 116,86 per kg", "product_url": "https://kolonial.no/produkter/24588-rema-1000-thai-kylling-peanut/", "kolonial_id": "24588"},
  {"category": "P\u00f8lser", "category_list": ["Alle varer", "Kj\u00f8tt og kylling", "P\u00f8lser"], "title": "Ostegrill", "price": 50.5, "product_variant": "6 stk, 480 g", "quantity_info": [[6.0, "stk"], [480.0, "g"]], "image_url": "/media/uploads/public/199/112/972112-a25f2-product_list.jpg", "unit_price_raw": "kr 105,21 per kg", "product_url": "https://kolonial.no/produkter/3559-gilde-ostegrill-6-stk/", "kolonial_id": "3559"},
  {"category": "Kontor", "category_list": ["Alle varer", "Husholdning og tekstil", "Kontor"], "title": "Lynlim Scotch", "price": 33.2, "product_variant": "3 g", "quantity_info": [[3.0, "g"]], "image_url": "/media/uploads/public/0/101/105301-b50be-product_list.jpg", "unit_price_raw": "kr 11066,67 per kg", "product_url": "https://kolonial.no/produkter/22642-lynlim-scotch/", "kolonial_id": "22642"},
  {"category": "Fr\u00f8, n\u00f8tter og t\u00f8rket frukt", "category_list": ["Alle varer", "Frukt og gr\u00f8nt", "Fr\u00f8, n\u00f8tter og t\u00f8rket frukt"], "title": "Dadler", "price": 35.6, "product_variant": "150 g", "quantity_info": [[150.0, "g"]], "image_url": "/media/uploads/public/0/301/17101-483f8-product_list.jpg", "unit_price_raw": "kr 237,33 per kg", "product_url": "https://kolonial.no/produkter/11494-helios-dadler-150g/", "kolonial_id": "11494"},
  {"category": "Kj\u00f8ttboller og karbonader", "category_list": ["Alle varer", "Kj\u00f8tt og kylling", "Kj\u00f8ttboller og karbonader"], "title": "Fersk Falafel", "price": 34.9, "product_variant": "190 g", "quantity_info": [[190.0, "g"]], "image_url": "/media/uploads/public/203/333/973933-412d2-product_list.jpg", "unit_price_raw": "kr 183,68 per kg", "product_url": "https://kolonial.no/produkter/27832-sevan-fersk-falafel/", "kolonial_id": "27832"},
  {"category": "Gr\u00f8nnsaker", "category_list": ["Alle varer", "Frukt og gr\u00f8nt", "Gr\u00f8nnsaker"], "title": "R\u00f8dl\u00f8k Str\u00f8mpe", "price": 14.9, "product_variant": "Norge, 2 stk, 375 g", "quantity_info": [[2.0, "stk"], [375.0, "g"]], "image_url": "/media/uploads/public/190/35/642835-c35af-product_list.jpg", "unit_price_raw": "kr 39,73 per kg", "product_url": "https://kolonial.no/produkter/9221-rodlok-strompe-norge-2-stk/", "kolonial_id": "9221"},
  {"category": "Frukt", "category_list": ["Alle varer", "Frukt og gr\u00f8nt", "Frukt"], "title": "Granateple", "price": 25.9, "product_variant": "Spania, 1 stk", "quantity_info": [[1.0, "stk"]], "image_url": "/media/uploads/public/0/223/11423-697c2-product_list.jpg", "unit_price_raw": "kr 129,50 per kg", "product_url": "https://kolonial.no/produkter/9023-granateple-spania/", "kolonial_id": "9023"},
  {"category": "Middags-kit og gryteretter", "category_list": ["Alle varer", "Middager og tilbeh\u00f8r", "Middags-kit og gryteretter"], "title": "Havregr\u00f8t Med Melk", "price": 9.2, "product_variant": "50 g", "quantity_info": [[50.0, "g"]], "image_url": "/media/uploads/public/63/81/188081-484c9-product_list.jpg", "unit_price_raw": "kr 184,00 per kg", "product_url": "https://kolonial.no/produkter/25162-axa-havregrot-med-melk/", "kolonial_id": "25162"},
  {"category": "Posesauser", "category_list": ["Alle varer", "Middager og tilbeh\u00f8r", "Posesauser"], "title": "Bearnaisesaus", "price": 17.2, "product_variant": "27 g", "quantity_info": [[27.0, "g"]], "image_url": "/media/uploads/public/14/93/964493-85cb2-product_list.jpg", "unit_price_raw": "kr 637,04 per kg", "product_url": "https://kolonial.no/produkter/7297-bearnaisesaus-single-knor/", "kolonial_id": "7297"},
  {"category": "N\u00f8tter", "category_list": ["Alle varer", "Snacks og godteri", "N\u00f8tter"], "title": "Polly Pean\u00f8tter", "price": 22.7, "product_variant": "165 g", "quantity_info": [[165.0, "g"]], "image_url": "/media/uploads/public/211/162/972162-ad43c-product_list.jpg", "unit_price_raw": "kr 137,58 per kg", "product_url": "https://kolonial.no/produkter/25498-polly-polly-peanotter/", "kolonial_id": "25498"},
  {"category": "N\u00f8tter", "category_list": ["Alle varer", "Snacks og godteri", "N\u00f8tter"], "title": "Rema 1000 Proteinmix", "price": 10.0, "product_variant": "50 g", "quantity_info": [[50.0, "g"]], "image_url": "/media/uploads/public/41/49/1012849-e9979-product_list.jpg", "unit_price_raw": "kr 200,00 per kg", "product_url": "https://kolonial.no/produkter/28086-rema-1000-proteinmix-50g-005-kg/", "kolonial_id": "28086"},
  {"category": "Kylling, kalkun og and", "category_list": ["Alle varer", "Kj\u00f8tt og kylling", "Kylling, kalkun og and"], "title": "Kyllingspyd Satay", "price": 54.9, "product_variant": "180 g", "quantity_info": [[180.0, "g"]], "image_url": "/media/uploads/public/116/214/979414-f9ce2-product_list.jpg", "unit_price_raw": "kr 305,00 per kg", "product_url": "https://kolonial.no/produkter/27864-den-stolte-hane-kyllingspyd-satay/", "kolonial_id": "27864"},
  {"category": "Smoothie, yoghurt og mellomm\u00e5ltid", "category_list": ["Alle varer", "Barneprodukter", "Smoothie, yoghurt og mellomm\u00e5ltid"], "title": "Veggie Lasagne", "price": 26.2, "product_variant": "fra 7 mnd. 130g, 130 g", "quantity_info": [[7.0, "mnd"], [130.0, "g"], [130.0, "g"]], "image_url": "/media/uploads/public/153/219/972619-3f17e-product_list.jpg", "unit_price_raw": "kr 26,20 per stk", "product_url": "https://kolonial.no/produkter/26591-ellas-kitchen-veggie-lasagne-fra-7-mnd-130g/", "kolonial_id": "26591"},
  {"category": "Middagsglass", "category_list": ["Alle varer", "Barneprodukter", "Middagsglass"], "title": "Organix Eple & Gr\u00f8nne B\u00f8nner", "price": 19.6, "product_variant": "Fra 6 mnd, 120 g", "quantity_info": [[6.0, "mnd"], [120.0, "g"]], "image_url": "/media/uploads/public/58/335/972735-56160-product_list.jpg", "unit_price_raw": "kr 163,33 per kg", "product_url": "https://kolonial.no/produkter/26742-semper-organix-eple-gronne-bonner-fra-6-mnd/", "kolonial_id": "26742"},
  {"category": "Gr\u00f8t", "category_list": ["Alle varer", "Barneprodukter", "Gr\u00f8t"], "title": "Havregr\u00f8t Havre, Bringeb\u00e6r & Yoghurt", "price": 73.5, "product_variant": "Fra 18 mnd, 250 g", "quantity_info": [[18.0, "mnd"], [250.0, "g"]], "image_url": "/media/uploads/public/293/63/973263-a1e4c-product_list.jpg", "unit_price_raw": "kr 294,00 per kg", "product_url": "https://kolonial.no/produkter/21700-semper-havregrot-havre-bringebaer-yoghurt-fra-18-m/", "kolonial_id": "21700"},
  {"category": "Gr\u00f8t", "category_list": ["Alle varer", "Barneprodukter", "Gr\u00f8t"], "title": "Gr\u00f8t Eple Bl\u00e5b\u00e6smoothie", "price": 20.9, "product_variant": "\u00d8kologisk, 110 g", "quantity_info": [[110.0, "g"]], "image_url": "/media/uploads/public/308/93/974093-c55a5-product_list.jpg", "unit_price_raw": "kr 190,00 per kg", "product_url": "https://kolonial.no/produkter/27894-nestle-grot-eple-blabaesmoothie-okologisk/", "kolonial_id": "27894"},
  {"category": "Honning og s\u00f8tp\u00e5legg", "category_list": ["Alle varer", "P\u00e5legg", "Honning og s\u00f8tp\u00e5legg"], "title": "N\u00f8ttesjoko", "price": 14.8, "product_variant": "400 g", "quantity_info": [[400.0, "g"]], "image_url": "/media/uploads/public/342/383/1015583-e42c6-product_list.jpg", "unit_price_raw": "kr 37,00 per kg", "product_url": "https://kolonial.no/produkter/8610-rema-1000-nottesjoko-400g/", "kolonial_id": "8610"},
  {"category": "Snus", "category_list": ["Alle varer", "Snus og tobakk", "Snus"], "title": "General G3 Blue White Ex Strong", "price": 92.9, "product_variant": "0,02 kg", "quantity_info": [[0.02, "kg"]], "image_url": "https://kolonial.no/static/products/img/placeholder.bffcea8d3530.png", "unit_price_raw": "kr 4645,00 per kg", "product_url": "https://kolonial.no/produkter/24318-g3-g3-slim-mint-ex-strong-white-pswl/", "kolonial_id": "24318"},
  {"category": "Sigaretter", "category_list": ["Alle varer", "Snus og tobakk", "Sigaretter"], "title": "Lucky Strike True Red", "price": 123.6, "product_variant": "20 stk", "quantity_info": [[20.0, "stk"]], "image_url": "https://kolonial.no/static/products/img/placeholder.bffcea8d3530.png", "unit_price_raw": "kr 6,18 per stk", "product_url": "https://kolonial.no/produkter/17641-lucky-strike-lucky-strike-true-red/", "kolonial_id": "17641"},
  {"category": "Sigaretter", "category_list": ["Alle varer", "Snus og tobakk", "Sigaretter"], "title": "Blue Master Filter", "price": 124.9, "product_variant": "20 stk", "quantity_info": [[20.0, "stk"]], "image_url": "https://kolonial.no/static/products/img/placeholder.bffcea8d3530.png", "unit_price_raw": "kr 6,25 per stk", "product_url": "https://kolonial.no/produkter/24490-blue-master-filter/", "kolonial_id": "24490"},
  {"category": "Leverpostei", "category_list": ["Alle varer", "P\u00e5legg", "Leverpostei"], "title": "Ovnsbakt Leverpostei  Grov", "price": 29.9, "product_variant": "180 g", "quantity_info": [[180.0, "g"]], "image_url": "/media/uploads/public/94/68/984068-da8d3-product_list.jpg", "unit_price_raw": "kr 166,11 per kg", "product_url": "https://kolonial.no/produkter/27919-gilde-ovnsbakt-leverpostei-grov/", "kolonial_id": "27919"},
  {"category": "Majones og tubep\u00e5legg", "category_list": ["Alle varer", "P\u00e5legg", "Majones og tubep\u00e5legg"], "title": "Aioli", "price": 15.0, "product_variant": "250 g", "quantity_info": [[250.0, "g"]], "image_url": "/media/uploads/public/156/23/154823-449f5-product_list.jpg", "unit_price_raw": "kr 60,00 per kg", "product_url": "https://kolonial.no/produkter/24562-rema-1000-aioli/", "kolonial_id": "24562"},
  {"category": "Syltet\u00f8y", "category_list": ["Alle varer", "P\u00e5legg", "Syltet\u00f8y"], "title": "Jordb\u00e6rsyltet\u00f8y Uten Tilsatt Sukker", "price": 30.6, "product_variant": "275 g", "quantity_info": [[275.0, "g"]], "image_url": "/media/uploads/public/205/13/155213-b7007-product_list.jpg", "unit_price_raw": "kr 111,27 per kg", "product_url": "https://kolonial.no/produkter/25024-nora-jordbaersyltetot-uten-tilsatt-sukker/", "kolonial_id": "25024"},
  {"category": "Fiskep\u00e5legg", "category_list": ["Alle varer", "P\u00e5legg", "Fiskep\u00e5legg"], "title": "Sursild", "price": 26.9, "product_variant": "1 kg", "quantity_info": [[1.0, "kg"]], "image_url": "/media/uploads/public/100/92/1004092-fb5ee-product_list.jpg", "unit_price_raw": "kr 26,90 per kg", "product_url": "https://kolonial.no/produkter/4702-godehav-sursild-1kg/", "kolonial_id": "4702"},
  {"category": "Spekemat og salami", "category_list": ["Alle varer", "P\u00e5legg", "Spekemat og salami"], "title": "Italiana Salami", "price": 36.9, "product_variant": "130 g", "quantity_info": [[130.0, "g"]], "image_url": "/media/uploads/public/378/270/989070-d1b36-product_list.jpg", "unit_price_raw": "kr 283,85 per kg", "product_url": "https://kolonial.no/produkter/27995-grilstad-italiana-salami/", "kolonial_id": "27995"},
  {"category": "Kattemat", "category_list": ["Alle varer", "Dyremat", "Kattemat"], "title": "Pouch Mini Mix", "price": 43.5, "product_variant": "300 g", "quantity_info": [[300.0, "g"]], "image_url": "/media/uploads/public/197/218/968218-aad4c-product_list.jpg", "unit_price_raw": "kr 145,00 per kg", "product_url": "https://kolonial.no/produkter/13864-sheba-pouch-mini-mix-300g/", "kolonial_id": "13864"},
  {"category": "Fl\u00f8te og r\u00f8mmeprodukter", "category_list": ["Alle varer", "Melk, meieriprodukter og egg", "Fl\u00f8te og r\u00f8mmeprodukter"], "title": "Vaniljekesam", "price": 32.3, "product_variant": "Mager, 420 g", "quantity_info": [[420.0, "g"]], "image_url": "/media/uploads/public/0/361/91561-74d30-product_list.jpg", "unit_price_raw": "kr 76,90 per kg", "product_url": "https://kolonial.no/produkter/2227-tine-vaniljekesam-mager-300g/", "kolonial_id": "2227"},
  {"category": "Yoghurt", "category_list": ["Alle varer", "Melk, meieriprodukter og egg", "Yoghurt"], "title": "Go' Morgen", "price": 15.8, "product_variant": "Melon- og pasjonsfrukt med 4-kornm\u00fcsli, 195 g", "quantity_info": [[4.0, "kornm\u00fcsli"], [195.0, "g"]], "image_url": "/media/uploads/public/222/315/968315-18692-product_list.jpg", "unit_price_raw": "kr 81,03 per kg", "product_url": "https://kolonial.no/produkter/442-tine-go-morgen-melon-og-pasjonsfrukt-med-4-kornmus/", "kolonial_id": "442"},
  {"category": "Yoghurt", "category_list": ["Alle varer", "Melk, meieriprodukter og egg", "Yoghurt"], "title": "Go' Morgen", "price": 16.1, "product_variant": "Jordb\u00e6r med 4-kornm\u00fcsli, 195 g", "quantity_info": [[4.0, "kornm\u00fcsli"], [195.0, "g"]], "image_url": "/media/uploads/public/137/329/968329-c651d-product_list.jpg", "unit_price_raw": "kr 82,56 per kg", "product_url": "https://kolonial.no/produkter/817-tine-go-morgen-jordbaer-med-4-kornmusli-195g/", "kolonial_id": "817"},
  {"category": "Sm\u00f8r og margarin", "category_list": ["Alle varer", "Melk, meieriprodukter og egg", "Sm\u00f8r og margarin"], "title": "Usaltet Sm\u00f8r", "price": 27.3, "product_variant": "250 g", "quantity_info": [[250.0, "g"]], "image_url": "/media/uploads/public/187/2/966402-12444-product_list.jpg", "unit_price_raw": "kr 109,20 per kg", "product_url": "https://kolonial.no/produkter/127-tine-usaltet-smor-250g/", "kolonial_id": "127"},
  {"category": "Sm\u00f8r og margarin", "category_list": ["Alle varer", "Melk, meieriprodukter og egg", "Sm\u00f8r og margarin"], "title": "Kviteseidsm\u00f8r", "price": 55.0, "product_variant": "450 g", "quantity_info": [[450.0, "g"]], "image_url": "/media/uploads/public/17/348/966748-8109a-product_list.jpg", "unit_price_raw": "kr 122,22 per kg", "product_url": "https://kolonial.no/produkter/8969-tine-kviteseidsmor-450g/", "kolonial_id": "8969"},
  {"category": "Te", "category_list": ["Alle varer", "Drikkevarer", "Te"], "title": "Urtete After Dinner", "price": 35.9, "product_variant": "20 stk", "quantity_info": [[20.0, "stk"]], "image_url": "/media/uploads/public/247/208/625808-93fa1-product_list.jpg", "unit_price_raw": "kr 1,80 per stk", "product_url": "https://kolonial.no/produkter/26748-lipton-urtete-after-dinner/", "kolonial_id": "26748"},
  {"category": "Kaffe", "category_list": ["Alle varer", "Drikkevarer", "Kaffe"], "title": "Kaffe fra Costa Rica", "price": 67.0, "product_variant": "Hele b\u00f8nner, 225 g", "quantity_info": [[225.0, "g"]], "image_url": "/media/uploads/public/383/382/445582-e3130-product_list.jpg", "unit_price_raw": "kr 297,78 per kg", "product_url": "https://kolonial.no/produkter/26211-kolonihagen-kaffe-fra-costa-rica-hele-bonner/", "kolonial_id": "26211"},
  {"category": "Saft", "category_list": ["Alle varer", "Drikkevarer", "Saft"], "title": "Peach & Nectarine", "price": 42.9, "product_variant": "0,8 l", "quantity_info": [[0.8, "l"]], "image_url": "/media/uploads/public/61/48/974048-ff096-product_list.jpg", "unit_price_raw": "kr 53,63 per l", "product_url": "https://kolonial.no/produkter/6730-zeroh-peach-nectarine/", "kolonial_id": "6730"},
  {"category": "Juice", "category_list": ["Alle varer", "Drikkevarer", "Juice"], "title": "Premium Appelsinjuice", "price": 24.1, "product_variant": "Med fruktkj\u00f8tt, 1 l", "quantity_info": [[1.0, "l"]], "image_url": "/media/uploads/public/348/191/972191-117fe-product_list.jpg", "unit_price_raw": "kr 24,10 per l", "product_url": "https://kolonial.no/produkter/1300-tine-premium-appelsinjuice-med-fruktkjott-1l/", "kolonial_id": "1300"},
  {"category": "Vann og mineralvann", "category_list": ["Alle varer", "Drikkevarer", "Vann og mineralvann"], "title": "Bonaqua Sport Sitron", "price": 21.1, "product_variant": "0,7 l", "quantity_info": [[0.7, "l"]], "image_url": "/media/uploads/public/252/285/971085-9e361-product_list.jpg", "unit_price_raw": "kr 30,14 per l", "product_url": "https://kolonial.no/produkter/23307-bonaqua-bonaqua-sport-sitron/", "kolonial_id": "23307"},
  {"category": "Vann og mineralvann", "category_list": ["Alle varer", "Drikkevarer", "Vann og mineralvann"], "title": "Bonaqua Mango & Tea", "price": 24.6, "product_variant": "0,7 l", "quantity_info": [[0.7, "l"]], "image_url": "/media/uploads/public/202/223/971023-3d549-product_list.jpg", "unit_price_raw": "kr 35,14 per l", "product_url": "https://kolonial.no/produkter/23291-bonaqua-bonaqua-mango-tea/", "kolonial_id": "23291"},
  {"category": "Bleier", "category_list": ["Alle varer", "Barneprodukter", "Bleier"], "title": "Sleep Tight Bedmats", "price": 79.1, "product_variant": "7 stk", "quantity_info": [[7.0, "stk"]], "image_url": "/media/uploads/public/132/239/966239-5e424-product_list.jpg", "unit_price_raw": "kr 11,30 per stk", "product_url": "https://kolonial.no/produkter/25221-libero-sleep-tight-bedmats/", "kolonial_id": "25221"},
  {"category": "Spesialoster", "category_list": ["Alle varer", "Oster", "Spesialoster"], "title": "Parmigiano Reggiano", "price": 58.2, "product_variant": "150 g", "quantity_info": [[150.0, "g"]], "image_url": "/media/uploads/public/361/322/973122-ef159-product_list.jpg", "unit_price_raw": "kr 388,00 per kg", "product_url": "https://kolonial.no/produkter/16203-rema-1000-parmigiano-reggiano/", "kolonial_id": "16203"},
  {"category": "Brus", "category_list": ["Alle varer", "Drikkevarer", "Brus"], "title": "Champ", "price": 22.9, "product_variant": "1,5 l", "quantity_info": [[1.5, "l"]], "image_url": "/media/uploads/public/304/274/973874-e47d7-product_list.jpg", "unit_price_raw": "kr 15,27 per l", "product_url": "https://kolonial.no/produkter/6877-grans-bryggeri-champ-15l/", "kolonial_id": "6877"},
  {"category": "Hundemat", "category_list": ["Alle varer", "Dyremat", "Hundemat"], "title": "T\u00f8rrfor Med Oksekj\u00f8tt", "price": 57.8, "product_variant": "1,5 kg", "quantity_info": [[1.5, "kg"]], "image_url": "/media/uploads/public/122/299/965899-f0ff0-product_list.jpg", "unit_price_raw": "kr 38,53 per kg", "product_url": "https://kolonial.no/produkter/5677-frolic-torrfor-med-oksekjott-15kg/", "kolonial_id": "5677"},
  {"category": "Taco", "category_list": ["Alle varer", "Pizza og taco", "Taco"], "title": "Restaurante Salsa Sweet Habanero", "price": 32.9, "product_variant": "300 g", "quantity_info": [[300.0, "g"]], "image_url": "/media/uploads/public/48/274/971474-1d100-product_list.jpg", "unit_price_raw": "kr 109,67 per kg", "product_url": "https://kolonial.no/produkter/23482-old-el-paso-restaurante-salsa-sweet-habanero/", "kolonial_id": "23482"},
  {"category": "Melk", "category_list": ["Alle varer", "Melk, meieriprodukter og egg", "Melk"], "title": "Havredrikk Kalsium", "price": 28.0, "product_variant": "1 l", "quantity_info": [[1.0, "l"]], "image_url": "/media/uploads/public/176/347/967147-ea6be-product_list.jpg", "unit_price_raw": "kr 28,00 per l", "product_url": "https://kolonial.no/produkter/1193-havredrikk-kalsium-1l-oatly/", "kolonial_id": "1193"},
  {"category": "Krydder", "category_list": ["Alle varer", "Olje og krydder", "Krydder"], "title": "Chili Explosion", "price": 55.8, "product_variant": "Med kvern, 70 g", "quantity_info": [[70.0, "g"]], "image_url": "/media/uploads/public/202/374/964374-fa9a5-product_list.jpg", "unit_price_raw": "kr 797,14 per kg", "product_url": "https://kolonial.no/produkter/1082-santa-maria-chili-explosion-med-kvern/", "kolonial_id": "1082"},
  {"category": "Proteinbar og m\u00fcslibar", "category_list": ["Alle varer", "Legemidler og helsekost", "Proteinbar og m\u00fcslibar"], "title": "Protein Wafer Sjokolade & Pean\u00f8ttsm\u00f8r", "price": 22.9, "product_variant": "38 g", "quantity_info": [[38.0, "g"]], "image_url": "/media/uploads/public/139/38/973638-b7ff1-product_list.jpg", "unit_price_raw": "kr 602,63 per kg", "product_url": "https://kolonial.no/produkter/27564-novo-nutrition-protein-wafer-sjokolade-peanottsmor/", "kolonial_id": "27564"},
  {"category": "Bind og tamponger", "category_list": ["Alle varer", "Hygieneartikler", "Bind og tamponger"], "title": "Tamponger Super, Ikke Klorbleket", "price": 42.1, "product_variant": "\u00d8kologisk, 18 stk", "quantity_info": [[18.0, "stk"]], "image_url": "/media/uploads/public/328/128/128128-11ffe-product_list.jpg", "unit_price_raw": "kr 2,34 per stk", "product_url": "https://kolonial.no/produkter/23452-masmi-tamponger-super-ikke-klorbleket-okologisk/", "kolonial_id": "23452"},
  {"category": "Shampo og h\u00e5rprodukter", "category_list": ["Alle varer", "Shampo, s\u00e5pe og krem", "Shampo og h\u00e5rprodukter"], "title": "Shampo", "price": 28.8, "product_variant": "250 ml", "quantity_info": [[250.0, "ml"]], "image_url": "/media/uploads/public/10/124/262524-b02e1-product_list.jpg", "unit_price_raw": "kr 115,20 per l", "product_url": "https://kolonial.no/produkter/25516-neutral-shampo/", "kolonial_id": "25516"},
  {"category": "Krem", "category_list": ["Alle varer", "Shampo, s\u00e5pe og krem", "Krem"], "title": "Glowing Ritual Body Lotion", "price": 47.3, "product_variant": "250 ml", "quantity_info": [[250.0, "ml"]], "image_url": "/media/uploads/public/163/143/262543-7adb4-product_list.jpg", "unit_price_raw": "kr 189,20 per l", "product_url": "https://kolonial.no/produkter/25534-dove-glowing-ritual-body-lotion/", "kolonial_id": "25534"},
  {"category": "Krem", "category_list": ["Alle varer", "Shampo, s\u00e5pe og krem", "Krem"], "title": "Moisturising Hand Cream, Lavender & Shea Butter", "price": 52.4, "product_variant": "50 ml", "quantity_info": [[50.0, "ml"]], "image_url": "/media/uploads/public/244/302/143102-e70b7-product_list.jpg", "unit_price_raw": "kr 1048,00 per l", "product_url": "https://kolonial.no/produkter/24304-natural-basics-moisturising-hand-cream-lavender-sh/", "kolonial_id": "24304"},
  {"category": "Gulost", "category_list": ["Alle varer", "Oster", "Gulost"], "title": "N\u00f8kkelost 27%", "price": 31.6, "product_variant": "Skivet, 150 g", "quantity_info": [[150.0, "g"]], "image_url": "/media/uploads/public/301/115/966515-ddda3-product_list.jpg", "unit_price_raw": "kr 210,67 per kg", "product_url": "https://kolonial.no/produkter/177-tine-nokkelost-27-skiver/", "kolonial_id": "177"},
  {"category": "Fryst pizza", "category_list": ["Alle varer", "Pizza og taco", "Fryst pizza"], "title": "Casa di Mama Trio di Carne", "price": 43.0, "product_variant": "405 g", "quantity_info": [[405.0, "g"]], "image_url": "/media/uploads/public/263/312/967512-13210-product_list.jpg", "unit_price_raw": "kr 106,17 per kg", "product_url": "https://kolonial.no/produkter/15618-dr-oetker-casa-di-mama-trio-di-carne/", "kolonial_id": "15618"},
  {"category": "Tannpleie", "category_list": ["Alle varer", "Hygieneartikler", "Tannpleie"], "title": "Tannb\u00f8rster", "price": 10.6, "product_variant": "Medium, 3 stk", "quantity_info": [[3.0, "stk"]], "image_url": "/media/uploads/public/366/318/966318-1e154-product_list.jpg", "unit_price_raw": "kr 3,53 per stk", "product_url": "https://kolonial.no/produkter/5005-soft-style-tannborster-medium-3-stk/", "kolonial_id": "5005"},
  {"category": "Frossen fisk og sj\u00f8mat", "category_list": ["Alle varer", "Fisk og sj\u00f8mat", "Frossen fisk og sj\u00f8mat"], "title": "Laksefilet Uten Skinn", "price": 97.2, "product_variant": "500 g", "quantity_info": [[500.0, "g"]], "image_url": "/media/uploads/public/268/86/972486-6000b-product_list.jpg", "unit_price_raw": "kr 194,40 per kg", "product_url": "https://kolonial.no/produkter/4189-godehav-laksefilet-uten-skinn/", "kolonial_id": "4189"},
  {"category": "Baketilbeh\u00f8r", "category_list": ["Alle varer", "Mel og bakeingredienser", "Baketilbeh\u00f8r"], "title": "Prinsesse Lillifee Str\u00f8ssel", "price": 52.9, "product_variant": "79 g", "quantity_info": [[79.0, "g"]], "image_url": "/media/uploads/public/352/311/971511-9331b-product_list.jpg", "unit_price_raw": "kr 669,62 per kg", "product_url": "https://kolonial.no/produkter/5368-dr-oetker-prinsesse-lillifee-strossel-79g/", "kolonial_id": "5368"},
  {"category": "Hermetisert sj\u00f8mat", "category_list": ["Alle varer", "Fisk og sj\u00f8mat", "Hermetisert sj\u00f8mat"], "title": "Tunfisk i Solsikkeolje", "price": 11.9, "product_variant": "185 g", "quantity_info": [[185.0, "g"]], "image_url": "/media/uploads/public/48/243/973843-b5448-product_list.jpg", "unit_price_raw": "kr 64,32 per kg", "product_url": "https://kolonial.no/produkter/22327-rema-1000-tunfisk-i-solsikkeolje/", "kolonial_id": "22327"},
  {"category": "Klesvask", "category_list": ["Alle varer", "T\u00f8rkepapir og vaskemidler", "Klesvask"], "title": "Milo Flytende", "price": 48.3, "product_variant": "595 ml", "quantity_info": [[595.0, "ml"]], "image_url": "/media/uploads/public/102/116/971316-abd07-product_list.jpg", "unit_price_raw": "kr 81,18 per l", "product_url": "https://kolonial.no/produkter/11398-milo-milo-flytende-750ml/", "kolonial_id": "11398"},
  {"category": "Klesvask", "category_list": ["Alle varer", "T\u00f8rkepapir og vaskemidler", "Klesvask"], "title": "Milo Ull & Silke", "price": 55.8, "product_variant": "Parfymefri, 595 ml", "quantity_info": [[595.0, "ml"]], "image_url": "/media/uploads/public/231/178/970978-80957-product_list.jpg", "unit_price_raw": "kr 93,78 per l", "product_url": "https://kolonial.no/produkter/1092-milo-milo-ull-silke-parfymefri-750ml/", "kolonial_id": "1092"},
  {"category": "Fersk fisk", "category_list": ["Alle varer", "Fisk og sj\u00f8mat", "Fersk fisk"], "title": "Bellyloin 1/2", "price": 114.9, "product_variant": "Salma, \n                            \n\n                            Norge, ca. 400 g", "quantity_info": [[400.0, "g"]], "image_url": "/media/uploads/public/118/198/904198-e9d66-product_list_large.jpg", "unit_price_raw": "kr 287,25 per kg", "product_url": "https://kolonial.no/produkter/27822-salma-salma-bellyloin/", "kolonial_id": "27822"},
  {"category": "Oljer og dressinger", "category_list": ["Alle varer", "Olje og krydder", "Oljer og dressinger"], "title": "Sesamolje", "price": 56.8, "product_variant": "150 ml", "quantity_info": [[150.0, "ml"]], "image_url": "/media/uploads/public/78/57/969657-7f793-product_list.jpg", "unit_price_raw": "kr 378,67 per l", "product_url": "https://kolonial.no/produkter/18919-blue-dragon-sesamolje/", "kolonial_id": "18919"},
  {"category": "Ferdigmikser", "category_list": ["Alle varer", "Mel og bakeingredienser", "Ferdigmikser"], "title": "Paideig", "price": 21.7, "product_variant": "225 g", "quantity_info": [[225.0, "g"]], "image_url": "/media/uploads/public/32/7/974007-2537e-product_list.jpg", "unit_price_raw": "kr 96,44 per kg", "product_url": "https://kolonial.no/produkter/22-maizena-paideig/", "kolonial_id": "22"},
  {"category": "Tyggis og pastiller", "category_list": ["Alle varer", "Snacks og godteri", "Tyggis og pastiller"], "title": "Extra Watermelon", "price": 13.3, "product_variant": "14 g", "quantity_info": [[14.0, "g"]], "image_url": "/media/uploads/public/324/57/188057-13a80-product_list.jpg", "unit_price_raw": "kr 950,00 per kg", "product_url": "https://kolonial.no/produkter/25342-extra-extra-watermelon/", "kolonial_id": "25342"},
  {"category": "Tyggis og pastiller", "category_list": ["Alle varer", "Snacks og godteri", "Tyggis og pastiller"], "title": "Tyggis Frisk Pust", "price": 15.9, "product_variant": "10 stk, 14 g", "quantity_info": [[10.0, "stk"], [14.0, "g"]], "image_url": "/media/uploads/public/301/68/973268-6ba67-product_list.jpg", "unit_price_raw": "kr 1135,71 per kg", "product_url": "https://kolonial.no/produkter/27259-solidox-tyggis-frisk-pust-10-stk/", "kolonial_id": "27259"},
  {"category": "Frokostblandinger og gryn", "category_list": ["Alle varer", "Br\u00f8d og frokostblandinger", "Frokostblandinger og gryn"], "title": "Bj\u00f8rn Havregryn", "price": 19.0, "product_variant": "Lettkokte, Original, 1,1 kg", "quantity_info": [[1.1, "kg"]], "image_url": "/media/uploads/public/171/151/970151-fb019-product_list.jpg", "unit_price_raw": "kr 17,27 per kg", "product_url": "https://kolonial.no/produkter/1035-axa-bjorn-havregryn-lettkokte-original/", "kolonial_id": "1035"},
  {"category": "Supper", "category_list": ["Alle varer", "Middager og tilbeh\u00f8r", "Supper"], "title": "Klar Gr\u00f8nnsaksuppe", "price": 18.2, "product_variant": "Rett i Koppen, 20 g", "quantity_info": [[20.0, "g"]], "image_url": "/media/uploads/public/347/371/965571-a7757-product_list.jpg", "unit_price_raw": "kr 910,00 per kg", "product_url": "https://kolonial.no/produkter/6328-toro-klar-gronnsaksuppe-rett-i-koppen/", "kolonial_id": "6328"},
  {"category": "Knekkebr\u00f8d", "category_list": ["Alle varer", "Br\u00f8d og frokostblandinger", "Knekkebr\u00f8d"], "title": "Husman", "price": 11.4, "product_variant": "260 g", "quantity_info": [[260.0, "g"]], "image_url": "/media/uploads/public/53/163/964963-61290-product_list.jpg", "unit_price_raw": "kr 43,85 per kg", "product_url": "https://kolonial.no/produkter/7060-wasa-husman-260g/", "kolonial_id": "7060"},
  {"category": "Langtidsholdbare br\u00f8d", "category_list": ["Alle varer", "Br\u00f8d og frokostblandinger", "Langtidsholdbare br\u00f8d"], "title": "Ciabatta Grove", "price": 25.0, "product_variant": "4 stk", "quantity_info": [[4.0, "stk"]], "image_url": "/media/uploads/public/66/43/967643-1e7c5-product_list.jpg", "unit_price_raw": "kr 6,25 per stk", "product_url": "https://kolonial.no/produkter/10061-rema-1000-ciabatta-grove-4-stk/", "kolonial_id": "10061"},
  {"category": "Pasta og nudler", "category_list": ["Alle varer", "Middager og tilbeh\u00f8r", "Pasta og nudler"], "title": "Fusilli", "price": 30.9, "product_variant": "\u00d8kologisk, 1 stk", "quantity_info": [[1.0, "stk"]], "image_url": "/media/uploads/public/329/21/974021-75364-product_list.jpg", "unit_price_raw": "kr 30,90 per stk", "product_url": "https://kolonial.no/produkter/27491-barilla-fusilli-okologisk/", "kolonial_id": "27491"},
  {"category": "Pasta og nudler", "category_list": ["Alle varer", "Middager og tilbeh\u00f8r", "Pasta og nudler"], "title": "Fusilli", "price": 33.1, "product_variant": "Glutenfri, 400 g", "quantity_info": [[400.0, "g"]], "image_url": "/media/uploads/public/112/38/974038-701b2-product_list.jpg", "unit_price_raw": "kr 82,75 per kg", "product_url": "https://kolonial.no/produkter/2497-barilla-fusilli-glutenfri/", "kolonial_id": "2497"},
  {"category": "Hermetisert frukt og gr\u00f8nt", "category_list": ["Alle varer", "Frukt og gr\u00f8nt", "Hermetisert frukt og gr\u00f8nt"], "title": "Kikerter Garbanzob\u00f8nner", "price": 27.4, "product_variant": "439 g", "quantity_info": [[439.0, "g"]], "image_url": "/media/uploads/public/0/143/13343-5d6f5-product_list.jpg", "unit_price_raw": "kr 62,41 per kg", "product_url": "https://kolonial.no/produkter/9854-sw-kikerter-garbanzobonner-439g/", "kolonial_id": "9854"},
  {"category": "Ferdige middagsretter", "category_list": ["Alle varer", "Middager og tilbeh\u00f8r", "Ferdige middagsretter"], "title": "Tikka Masala Kylling", "price": 75.6, "product_variant": "450 g", "quantity_info": [[450.0, "g"]], "image_url": "/media/uploads/public/104/172/509772-b3757-product_list.jpg", "unit_price_raw": "kr 168,00 per kg", "product_url": "https://kolonial.no/produkter/17305-saritas-tikka-masala-kylling/", "kolonial_id": "17305"},
  {"category": "Ferdigsauser", "category_list": ["Alle varer", "Middager og tilbeh\u00f8r", "Ferdigsauser"], "title": "Bearnaise Sauce", "price": 35.9, "product_variant": "300 ml", "quantity_info": [[300.0, "ml"]], "image_url": "/media/uploads/public/224/48/972048-a2e4e-product_list.jpg", "unit_price_raw": "kr 119,67 per l", "product_url": "https://kolonial.no/produkter/7417-knorr-bearnaise-sauce/", "kolonial_id": "7417"},
  {"category": "P\u00f8lser", "category_list": ["Alle varer", "Kj\u00f8tt og kylling", "P\u00f8lser"], "title": "L\u00f8kgrill Med Ost", "price": 46.4, "product_variant": "480 g", "quantity_info": [[480.0, "g"]], "image_url": "/media/uploads/public/389/91/720091-98933-product_list.jpg", "unit_price_raw": "kr 96,67 per kg", "product_url": "https://kolonial.no/produkter/27691-gilde-lokgrill-med-ost/", "kolonial_id": "27691"},
  {"category": "Kontor", "category_list": ["Alle varer", "Husholdning og tekstil", "Kontor"], "title": "Linjalsett 4 Linjaler", "price": 18.5, "product_variant": "1 stk", "quantity_info": [[1.0, "stk"]], "image_url": "/media/uploads/public/388/229/146229-c3d22-product_list.jpg", "unit_price_raw": "kr 18,50 per stk", "product_url": "https://kolonial.no/produkter/24453-linjalsett-4-linjaler/", "kolonial_id": "24453"},
  {"category": "Kj\u00f8ttboller og karbonader", "category_list": ["Alle varer", "Kj\u00f8tt og kylling", "Kj\u00f8ttboller og karbonader"], "title": "Svinesteaklets Med Bacon", "price": 39.9, "product_variant": "300 g", "quantity_info": [[300.0, "g"]], "image_url": "/media/uploads/public/54/67/984067-3ac27-product_list.jpg", "unit_price_raw": "kr 133,00 per kg", "product_url": "https://kolonial.no/produkter/27917-gilde-svinesteaklets-med-bacon/", "kolonial_id": "27917"},
  {"category": "Gr\u00f8nnsaker", "category_list": ["Alle varer", "Frukt og gr\u00f8nt", "Gr\u00f8nnsaker"], "title": "R\u00f8dl\u00f8k", "price": 9.9, "product_variant": "Laveste Pris, Norge, 1 kg", "quantity_info": [[1.0, "kg"]], "image_url": "/media/uploads/public/87/5/998805-acbcb-product_list.jpg", "unit_price_raw": "kr 9,90 per kg", "product_url": "https://kolonial.no/produkter/19630-rodlok-laveste-pris-norge/", "kolonial_id": "19630"},
  {"category": "Frukt", "category_list": ["Alle varer", "Frukt og gr\u00f8nt", "Frukt"], "title": "Fiken", "price": 50.9, "product_variant": "Tyrkia, 4 stk", "quantity_info": [[4.0, "stk"]], "image_url": "/media/uploads/public/0/35/92035-c7870-product_list.jpg", "unit_price_raw": "kr 203,60 per kg", "product_url": "https://kolonial.no/produkter/19684-fiken-tyrkia/", "kolonial_id": "19684"},
  {"category": "Frukt", "category_list": ["Alle varer", "Frukt og gr\u00f8nt", "Frukt"], "title": "Pasjonsfrukt", "price": 35.9, "product_variant": "Colombia, 4 stk", "quantity_info": [[4.0, "stk"]], "image_url": "/media/uploads/public/0/381/91981-6a9b6-product_list.jpg", "unit_price_raw": "kr 156,09 per kg", "product_url": "https://kolonial.no/produkter/19690-pasjonsfrukt-colombia/", "kolonial_id": "19690"},
  {"category": "Posesauser", "category_list": ["Alle varer", "Middager og tilbeh\u00f8r", "Posesauser"], "title": "Kj\u00f8ttkakesaus", "price": 19.4, "product_variant": "4pk, 4 stk", "quantity_info": [[4.0, "pk"], [4.0, "stk"]], "image_url": "/media/uploads/public/57/327/966327-e477c-product_list.jpg", "unit_price_raw": "kr 4,85 per stk", "product_url": "https://kolonial.no/produkter/8526-rema-1000-kjottkakesaus-4pk/", "kolonial_id": "8526"},
  {"category": "Posesauser", "category_list": ["Alle varer", "Middager og tilbeh\u00f8r", "Posesauser"], "title": "Bearnaisesaus", "price": 8.9, "product_variant": "4 stk", "quantity_info": [[4.0, "stk"]], "image_url": "/media/uploads/public/283/376/1015576-991fc-product_list.jpg", "unit_price_raw": "kr 2,23 per stk", "product_url": "https://kolonial.no/produkter/8522-rema-1000-bearnaisesaus-4stk/", "kolonial_id": "8522"},
  {"category": "Middagstilbeh\u00f8r", "category_list": ["Alle varer", "Middager og tilbeh\u00f8r", "Middagstilbeh\u00f8r"], "title": "V\u00e5rruller med Kylling & Gr\u00f8nnsaker", "price": 40.1, "product_variant": "600 g", "quantity_info": [[600.0, "g"]], "image_url": "/media/uploads/public/122/85/296085-3f513-product_list.jpg", "unit_price_raw": "kr 66,83 per kg", "product_url": "https://kolonial.no/produkter/25148-ofas-varruller-med-kylling-gronnsaker/", "kolonial_id": "25148"},
  {"category": "N\u00f8tter", "category_list": ["Alle varer", "Snacks og godteri", "N\u00f8tter"], "title": "Pean\u00f8tter", "price": 31.2, "product_variant": "R\u00f8stet & Saltet, 300 g", "quantity_info": [[300.0, "g"]], "image_url": "/media/uploads/public/342/364/971164-dd3a4-product_list.jpg", "unit_price_raw": "kr 104,00 per kg", "product_url": "https://kolonial.no/produkter/23353-maarud-peanotter-rostet-saltet/", "kolonial_id": "23353"},
  {"category": "Kylling, kalkun og and", "category_list": ["Alle varer", "Kj\u00f8tt og kylling", "Kylling, kalkun og and"], "title": "Kyllingfilet Stekt Og Skivet C\u00e6sar", "price": 49.9, "product_variant": "200 g", "quantity_info": [[200.0, "g"]], "image_url": "/media/uploads/public/120/367/973967-b18f8-product_list.jpg", "unit_price_raw": "kr 249,50 per kg", "product_url": "https://kolonial.no/produkter/27865-den-stolte-hane-kyllingfilet-stekt-og-skivet-caesa/", "kolonial_id": "27865"},
  {"category": "Smoothie, yoghurt og mellomm\u00e5ltid", "category_list": ["Alle varer", "Barneprodukter", "Smoothie, yoghurt og mellomm\u00e5ltid"], "title": "Mexican Chicken W/rice", "price": 25.6, "product_variant": "fra 7 mnd. 130g, 130 g", "quantity_info": [[7.0, "mnd"], [130.0, "g"], [130.0, "g"]], "image_url": "/media/uploads/public/274/214/972614-f548a-product_list.jpg", "unit_price_raw": "kr 25,60 per stk", "product_url": "https://kolonial.no/produkter/26589-ellas-kitchen-mexican-chicken-wrice-fra-7-mnd-130g/", "kolonial_id": "26589"},
  {"category": "Middagsglass", "category_list": ["Alle varer", "Barneprodukter", "Middagsglass"], "title": "Organix Eple, Jordb\u00e6r & Bl\u00e5b\u00e6r", "price": 19.6, "product_variant": "Fra 6 mnd, 120 g", "quantity_info": [[6.0, "mnd"], [120.0, "g"]], "image_url": "/media/uploads/public/57/394/972794-1498f-product_list.jpg", "unit_price_raw": "kr 163,33 per kg", "product_url": "https://kolonial.no/produkter/26745-semper-organix-eple-jordbaer-blabaer-fra-6-mnd/", "kolonial_id": "26745"},
  {"category": "Gr\u00f8t", "category_list": ["Alle varer", "Barneprodukter", "Gr\u00f8t"], "title": "Gr\u00f8t Gr\u00f8nnsaksmoothie", "price": 20.9, "product_variant": "\u00d8kologisk, 110 g", "quantity_info": [[110.0, "g"]], "image_url": "/media/uploads/public/295/94/974094-dff0c-product_list.jpg", "unit_price_raw": "kr 190,00 per kg", "product_url": "https://kolonial.no/produkter/27895-nestle-grot-gronnsaksmoothie-okologisk/", "kolonial_id": "27895"},
  {"category": "Honning og s\u00f8tp\u00e5legg", "category_list": ["Alle varer", "P\u00e5legg", "Honning og s\u00f8tp\u00e5legg"], "title": "Nugatti", "price": 24.9, "product_variant": "500 g", "quantity_info": [[500.0, "g"]], "image_url": "/media/uploads/public/78/92/965292-ae286-product_list.jpg", "unit_price_raw": "kr 49,80 per kg", "product_url": "https://kolonial.no/produkter/1117-stabburet-nugatti-500g/", "kolonial_id": "1117"},
  {"category": "Snus", "category_list": ["Alle varer", "Snus og tobakk", "Snus"], "title": "G.3 Superslim Mint Strong WP", "price": 93.9, "product_variant": "0,02 kg", "quantity_info": [[0.02, "kg"]], "image_url": "https://kolonial.no/static/products/img/placeholder.bffcea8d3530.png", "unit_price_raw": "kr 4695,00 per kg", "product_url": "https://kolonial.no/produkter/24319-g3-g3-superslim-mint-strong-wp/", "kolonial_id": "24319"},
  {"category": "Snus", "category_list": ["Alle varer", "Snus og tobakk", "Snus"], "title": "Nick & Johnny Americana Xtra Strong Portion", "price": 92.9, "product_variant": "22 g", "quantity_info": [[22.0, "g"]], "image_url": "https://kolonial.no/static/products/img/placeholder.bffcea8d3530.png", "unit_price_raw": "kr 4222,73 per kg", "product_url": "https://kolonial.no/produkter/15966-nick-johnny-nick-johnny-americana-xtra-strong-port/", "kolonial_id": "15966"},
  {"category": "Sigaretter", "category_list": ["Alle varer", "Snus og tobakk", "Sigaretter"], "title": "Paramount Gold 30 Maxi", "price": 142.4, "product_variant": "30 stk", "quantity_info": [[30.0, "stk"]], "image_url": "https://kolonial.no/static/products/img/placeholder.bffcea8d3530.png", "unit_price_raw": "kr 4,75 per stk", "product_url": "https://kolonial.no/produkter/17704-paramount-paramount-gold-30-maxi/", "kolonial_id": "17704"},
  {"category": "Leverpostei", "category_list": ["Alle varer", "P\u00e5legg", "Leverpostei"], "title": "Mills Mager Postei", "price": 27.7, "product_variant": "175 g", "quantity_info": [[175.0, "g"]], "image_url": "/media/uploads/public/237/338/693938-3cc1a-product_list.jpg", "unit_price_raw": "kr 158,29 per kg", "product_url": "https://kolonial.no/produkter/27363-mills-mills-mager-postei/", "kolonial_id": "27363"},
  {"category": "Majones og tubep\u00e5legg", "category_list": ["Alle varer", "P\u00e5legg", "Majones og tubep\u00e5legg"], "title": "Ekte Majones", "price": 41.7, "product_variant": "400 g", "quantity_info": [[400.0, "g"]], "image_url": "/media/uploads/public/262/278/964278-cdbb2-product_list.jpg", "unit_price_raw": "kr 104,25 per kg", "product_url": "https://kolonial.no/produkter/14002-hellmanns-ekte-majones-400g/", "kolonial_id": "14002"},
  {"category": "Majones og tubep\u00e5legg", "category_list": ["Alle varer", "P\u00e5legg", "Majones og tubep\u00e5legg"], "title": "Majones", "price": 24.5, "product_variant": "215 g", "quantity_info": [[215.0, "g"]], "image_url": "/media/uploads/public/115/118/188118-5cb7e-product_list.jpg", "unit_price_raw": "kr 113,95 per kg", "product_url": "https://kolonial.no/produkter/25356-mills-majones/", "kolonial_id": "25356"},
  {"category": "Syltet\u00f8y", "category_list": ["Alle varer", "P\u00e5legg", "Syltet\u00f8y"], "title": "Moste Jordb\u00e6r Hjemmelaget", "price": 42.6, "product_variant": "390 g", "quantity_info": [[390.0, "g"]], "image_url": "/media/uploads/public/224/13/965213-50895-product_list.jpg", "unit_price_raw": "kr 109,23 per kg", "product_url": "https://kolonial.no/produkter/10622-nora-moste-jordbaer-hjemmelaget-390g/", "kolonial_id": "10622"},
  {"category": "Fiskep\u00e5legg", "category_list": ["Alle varer", "P\u00e5legg", "Fiskep\u00e5legg"], "title": "Makal\u00f6s Ansjosfileter", "price": 23.9, "product_variant": "55 g", "quantity_info": [[55.0, "g"]], "image_url": "/media/uploads/public/173/284/966684-320b5-product_list.jpg", "unit_price_raw": "kr 434,55 per kg", "product_url": "https://kolonial.no/produkter/1021-abba-makalos-ansjosfileter-55g/", "kolonial_id": "1021"},
  {"category": "Spekemat og salami", "category_list": ["Alle varer", "P\u00e5legg", "Spekemat og salami"], "title": "Jubelsalami Fennikel", "price": 47.1, "product_variant": "0,15 kg", "quantity_info": [[0.15, "kg"]], "image_url": "/media/uploads/public/317/398/693598-da08d-product_list.jpg", "unit_price_raw": "kr 314,00 per kg", "product_url": "https://kolonial.no/produkter/27361-grilstad-jubelsalami-fennikel/", "kolonial_id": "27361"},
  {"category": "Kattemat", "category_list": ["Alle varer", "Dyremat", "Kattemat"], "title": "Mealtime Luxuries", "price": 20.4, "product_variant": "80 g", "quantity_info": [[80.0, "g"]], "image_url": "/media/uploads/public/15/200/970600-46c73-product_list.jpg", "unit_price_raw": "kr 255,00 per kg", "product_url": "https://kolonial.no/produkter/21742-sheba-mealtime-luxuries/", "kolonial_id": "21742"},
  {"category": "Kattemat", "category_list": ["Alle varer", "Dyremat", "Kattemat"], "title": "Tunfiskpat\u00e9", "price": 11.7, "product_variant": "85 g", "quantity_info": [[85.0, "g"]], "image_url": "/media/uploads/public/357/4/966004-b49f4-product_list.jpg", "unit_price_raw": "kr 137,65 per kg", "product_url": "https://kolonial.no/produkter/5611-gourmet-gold-tunfiskpate-85g/", "kolonial_id": "5611"},
  {"category": "Fl\u00f8te og r\u00f8mmeprodukter", "category_list": ["Alle varer", "Melk, meieriprodukter og egg", "Fl\u00f8te og r\u00f8mmeprodukter"], "title": "Vegetabilsk Havrefl\u00f8te iMat", "price": 20.9, "product_variant": "250 ml", "quantity_info": [[250.0, "ml"]], "image_url": "/media/uploads/public/3/236/966636-cfb9f-product_list.jpg", "unit_price_raw": "kr 83,60 per l", "product_url": "https://kolonial.no/produkter/10016-oatly-vegetabilsk-havreflote-imat-250ml/", "kolonial_id": "10016"},
  {"category": "Yoghurt", "category_list": ["Alle varer", "Melk, meieriprodukter og egg", "Yoghurt"], "title": "Go' Morgen", "price": 16.8, "product_variant": "Mango- og banan med fruktm\u00fcsli, 195 g", "quantity_info": [[195.0, "g"]], "image_url": "/media/uploads/public/73/327/968327-b014b-product_list.jpg", "unit_price_raw": "kr 86,15 per kg", "product_url": "https://kolonial.no/produkter/821-tine-go-morgen-mango-og-banan-med-fruktmusli-195g/", "kolonial_id": "821"},
  {"category": "Sm\u00f8r og margarin", "category_list": ["Alle varer", "Melk, meieriprodukter og egg", "Sm\u00f8r og margarin"], "title": "Ekte Meierism\u00f8r", "price": 35.9, "product_variant": "500 g", "quantity_info": [[500.0, "g"]], "image_url": "/media/uploads/public/160/0/966400-e3601-product_list.jpg", "unit_price_raw": "kr 71,80 per kg", "product_url": "https://kolonial.no/produkter/130-tine-ekte-meierismor-500g/", "kolonial_id": "130"},
  {"category": "Te", "category_list": ["Alle varer", "Drikkevarer", "Te"], "title": "Urtete Sweet Dreams", "price": 40.9, "product_variant": "20 stk", "quantity_info": [[20.0, "stk"]], "image_url": "/media/uploads/public/56/209/625809-9dcc2-product_list.jpg", "unit_price_raw": "kr 2,05 per stk", "product_url": "https://kolonial.no/produkter/26749-lipton-urtete-sweet-dreams/", "kolonial_id": "26749"},
  {"category": "Kaffe", "category_list": ["Alle varer", "Drikkevarer", "Kaffe"], "title": "Kaffe fra Guatemala", "price": 64.0, "product_variant": "Filtermalt, 225 g", "quantity_info": [[225.0, "g"]], "image_url": "/media/uploads/public/57/378/445578-6f70f-product_list.jpg", "unit_price_raw": "kr 284,44 per kg", "product_url": "https://kolonial.no/produkter/26209-kolonihagen-kaffe-fra-guatemala-filtermalt/", "kolonial_id": "26209"},
  {"category": "Saft", "category_list": ["Alle varer", "Drikkevarer", "Saft"], "title": "Pineapple", "price": 41.5, "product_variant": "0,8 l", "quantity_info": [[0.8, "l"]], "image_url": "/media/uploads/public/275/319/965519-84f56-product_list.jpg", "unit_price_raw": "kr 51,88 per l", "product_url": "https://kolonial.no/produkter/6733-zeroh-pineapple/", "kolonial_id": "6733"},
  {"category": "Saft", "category_list": ["Alle varer", "Drikkevarer", "Saft"], "title": "P\u00e6re & Sitrongress", "price": 40.5, "product_variant": "0,8 l", "quantity_info": [[0.8, "l"]], "image_url": "/media/uploads/public/24/93/371693-b1347-product_list.jpg", "unit_price_raw": "kr 50,63 per l", "product_url": "https://kolonial.no/produkter/25953-zeroh-paere-sitrongress/", "kolonial_id": "25953"},
  {"category": "Juice", "category_list": ["Alle varer", "Drikkevarer", "Juice"], "title": "Supri med Eple, Gulrot, Bringeb\u00e6r & Sitron", "price": 35.9, "product_variant": "32% Gr\u00f8nnsaker, 1 l", "quantity_info": [[32.0, "Gr\u00f8nnsaker"], [1.0, "l"]], "image_url": "/media/uploads/public/384/388/970388-e1d03-product_list.jpg", "unit_price_raw": "kr 35,90 per l", "product_url": "https://kolonial.no/produkter/21307-sunniva-supri-med-eple-gulrot-bringebaer-sitron-32/", "kolonial_id": "21307"},
  {"category": "Bleier", "category_list": ["Alle varer", "Barneprodukter", "Bleier"], "title": "Libero Sleep Tight", "price": 96.5, "product_variant": "S8, 16-30kg, 16 stk", "quantity_info": [[8.16, ""], [30.0, "kg"], [16.0, "stk"]], "image_url": "/media/uploads/public/253/176/972176-253b3-product_list.jpg", "unit_price_raw": "kr 6,03 per stk", "product_url": "https://kolonial.no/produkter/25025-libero-libero-sleep-tight-s8-16-30kg/", "kolonial_id": "25025"},
  {"category": "Spesialoster", "category_list": ["Alle varer", "Oster", "Spesialoster"], "title": "Ekte Hvit Geitost", "price": 62.0, "product_variant": "330 g", "quantity_info": [[330.0, "g"]], "image_url": "/media/uploads/public/20/252/967452-7c512-product_list.jpg", "unit_price_raw": "kr 187,88 per kg", "product_url": "https://kolonial.no/produkter/12316-tine-ekte-hvit-geitost-330g/", "kolonial_id": "12316"},
  {"category": "Brus", "category_list": ["Alle varer", "Drikkevarer", "Brus"], "title": "Cider Eple & Drue", "price": 25.8, "product_variant": "1,5 l", "quantity_info": [[1.5, "l"]], "image_url": "/media/uploads/public/122/247/973847-6f8aa-product_list.jpg", "unit_price_raw": "kr 17,20 per l", "product_url": "https://kolonial.no/produkter/6865-grans-bryggeri-cider-eple-drue-15l/", "kolonial_id": "6865"},
  {"category": "Hundemat", "category_list": ["Alle varer", "Dyremat", "Hundemat"], "title": "Markies", "price": 29.1, "product_variant": "500 g", "quantity_info": [[500.0, "g"]], "image_url": "/media/uploads/public/248/140/186140-3e588-product_list.jpg", "unit_price_raw": "kr 58,20 per kg", "product_url": "https://kolonial.no/produkter/5740-pedigree-markies-500g/", "kolonial_id": "5740"},
  {"category": "Hundemat", "category_list": ["Alle varer", "Dyremat", "Hundemat"], "title": "Schmackos", "price": 17.5, "product_variant": "5 stk", "quantity_info": [[5.0, "stk"]], "image_url": "/media/uploads/public/286/202/972202-fb96e-product_list.jpg", "unit_price_raw": "kr 406,98 per kg", "product_url": "https://kolonial.no/produkter/5764-pedigree-schmackos-12-stk/", "kolonial_id": "5764"},
  {"category": "Taco", "category_list": ["Alle varer", "Pizza og taco", "Taco"], "title": "Tacosauce Hot", "price": 9.8, "product_variant": "230 g", "quantity_info": [[230.0, "g"]], "image_url": "/media/uploads/public/313/288/967488-7b099-product_list.jpg", "unit_price_raw": "kr 42,61 per kg", "product_url": "https://kolonial.no/produkter/8534-rema-1000-tacosauce-hot-230g/", "kolonial_id": "8534"},
  {"category": "Hjemmelaget pizza", "category_list": ["Alle varer", "Pizza og taco", "Hjemmelaget pizza"], "title": "Spekeskinke Sm\u00e5rett", "price": 16.0, "product_variant": "150 g", "quantity_info": [[150.0, "g"]], "image_url": "/media/uploads/public/93/109/642109-4f66f-product_list.jpg", "unit_price_raw": "kr 106,67 per kg", "product_url": "https://kolonial.no/produkter/24233-rema-1000-spekeskinke-smarett/", "kolonial_id": "24233"},
  {"category": "Hjemmelaget pizza", "category_list": ["Alle varer", "Pizza og taco", "Hjemmelaget pizza"], "title": "Peppes Originale Kj\u00f8ttboller", "price": 26.0, "product_variant": "120 g", "quantity_info": [[120.0, "g"]], "image_url": "/media/uploads/public/136/20/971220-22798-product_list.jpg", "unit_price_raw": "kr 216,67 per kg", "product_url": "https://kolonial.no/produkter/4450-peppes-pizza-peppes-originale-kjottboller-120g/", "kolonial_id": "4450"},
  {"category": "Melk", "category_list": ["Alle varer", "Melk, meieriprodukter og egg", "Melk"], "title": "Havredrikk \u00d8kologisk", "price": 28.1, "product_variant": "1 l", "quantity_info": [[1.0, "l"]], "image_url": "/media/uploads/public/333/351/968751-e1df5-product_list.jpg", "unit_price_raw": "kr 28,10 per l", "product_url": "https://kolonial.no/produkter/16537-oatly-havredrikk-okologisk/", "kolonial_id": "16537"},
  {"category": "Krydder", "category_list": ["Alle varer", "Olje og krydder", "Krydder"], "title": "Alleh\u00e5nde", "price": 14.8, "product_variant": "Malt, 13 g", "quantity_info": [[13.0, "g"]], "image_url": "/media/uploads/public/394/373/965573-2d320-product_list.jpg", "unit_price_raw": "kr 1138,46 per kg", "product_url": "https://kolonial.no/produkter/6241-toro-allehande-malt-13g/", "kolonial_id": "6241"},
  {"category": "Helsekost", "category_list": ["Alle varer", "Legemidler og helsekost", "Helsekost"], "title": "Engelsk \u00d8lgj\u00e6r Protein", "price": 49.4, "product_variant": "300 g", "quantity_info": [[300.0, "g"]], "image_url": "/media/uploads/public/57/303/369903-c1934-product_list.jpg", "unit_price_raw": "kr 164,67 per kg", "product_url": "https://kolonial.no/produkter/25862-engelsk-olgjaer-protein/", "kolonial_id": "25862"},
  {"category": "Proteinbar og m\u00fcslibar", "category_list": ["Alle varer", "Legemidler og helsekost", "Proteinbar og m\u00fcslibar"], "title": "Protein Wafer Vanilje", "price": 22.9, "product_variant": "38 g", "quantity_info": [[38.0, "g"]], "image_url": "/media/uploads/public/43/152/973752-2fc5c-product_list.jpg", "unit_price_raw": "kr 602,63 per kg", "product_url": "https://kolonial.no/produkter/27562-novo-nutrition-protein-wafer-vanilje/", "kolonial_id": "27562"},
  {"category": "Bind og tamponger", "category_list": ["Alle varer", "Hygieneartikler", "Bind og tamponger"], "title": "Tamponger Superplus, Ikke Klorbleket", "price": 43.2, "product_variant": "\u00d8kologisk, 15 stk", "quantity_info": [[15.0, "stk"]], "image_url": "/media/uploads/public/115/127/128127-9dd2a-product_list.jpg", "unit_price_raw": "kr 2,88 per stk", "product_url": "https://kolonial.no/produkter/23453-masmi-tamponger-superplus-ikke-klorbleket-okologis/", "kolonial_id": "23453"},
  {"category": "Bind og tamponger", "category_list": ["Alle varer", "Hygieneartikler", "Bind og tamponger"], "title": "Tamponger med Innf\u00f8ringshylse Normal, Ikke Klorbleket", "price": 47.3, "product_variant": "\u00d8kologisk, 16 stk", "quantity_info": [[16.0, "stk"]], "image_url": "/media/uploads/public/124/124/128124-8c754-product_list.jpg", "unit_price_raw": "kr 2,96 per stk", "product_url": "https://kolonial.no/produkter/23448-masmi-tamponger-med-innforingshylse-normal-ikke-kl/", "kolonial_id": "23448"},
  {"category": "Shampo og h\u00e5rprodukter", "category_list": ["Alle varer", "Shampo, s\u00e5pe og krem", "Shampo og h\u00e5rprodukter"], "title": "Mild Balsam", "price": 36.2, "product_variant": "Uten parfyme, 250 ml", "quantity_info": [[250.0, "ml"]], "image_url": "/media/uploads/public/376/254/967854-13ab0-product_list.jpg", "unit_price_raw": "kr 144,80 per l", "product_url": "https://kolonial.no/produkter/13948-neutral-mild-balsam-uten-parfyme/", "kolonial_id": "13948"},
  {"category": "Shampo og h\u00e5rprodukter", "category_list": ["Alle varer", "Shampo, s\u00e5pe og krem", "Shampo og h\u00e5rprodukter"], "title": "Sjampo", "price": 33.5, "product_variant": "200 ml", "quantity_info": [[200.0, "ml"]], "image_url": "/media/uploads/public/85/294/971494-949d6-product_list.jpg", "unit_price_raw": "kr 167,50 per l", "product_url": "https://kolonial.no/produkter/23641-organic-circle-sjampo/", "kolonial_id": "23641"},
  {"category": "Krem", "category_list": ["Alle varer", "Shampo, s\u00e5pe og krem", "Krem"], "title": "Spenol Hudkrem", "price": 30.8, "product_variant": "250 ml", "quantity_info": [[250.0, "ml"]], "image_url": "/media/uploads/public/72/46/964846-4624d-product_list.jpg", "unit_price_raw": "kr 123,20 per l", "product_url": "https://kolonial.no/produkter/7150-spenol-spenol-hudkrem-250ml/", "kolonial_id": "7150"},
  {"category": "Gulost", "category_list": ["Alle varer", "Oster", "Gulost"], "title": "N\u00f8kkelost Lettere", "price": 27.1, "product_variant": "Skivet, 150 g", "quantity_info": [[150.0, "g"]], "image_url": "/media/uploads/public/226/34/974034-d55ae-product_list.jpg", "unit_price_raw": "kr 180,67 per kg", "product_url": "https://kolonial.no/produkter/12259-tine-nokkelost-lettere-skivet/", "kolonial_id": "12259"},
  {"category": "Fryst pizza", "category_list": ["Alle varer", "Pizza og taco", "Fryst pizza"], "title": "Casa di Mama Quattro Formaggi", "price": 50.9, "product_variant": "410 g", "quantity_info": [[410.0, "g"]], "image_url": "/media/uploads/public/218/246/136246-3db25-product_list.jpg", "unit_price_raw": "kr 124,15 per kg", "product_url": "https://kolonial.no/produkter/23862-dr-oetker-quattro-formaggi/", "kolonial_id": "23862"},
  {"category": "Tannpleie", "category_list": ["Alle varer", "Hygieneartikler", "Tannpleie"], "title": "Zendium Kids Tannkrem", "price": 23.9, "product_variant": "0-5 \u00e5r, 50 ml", "quantity_info": [[0.0, ""], [5.0, "\u00e5r"], [50.0, "ml"]], "image_url": "/media/uploads/public/306/84/373284-a2dcd-product_list.jpg", "unit_price_raw": "kr 478,00 per l", "product_url": "https://kolonial.no/produkter/26064-zendium-zendium-kids-tannkrem-0-5-ar/", "kolonial_id": "26064"},
  {"category": "Tannpleie", "category_list": ["Alle varer", "Hygieneartikler", "Tannpleie"], "title": "Junior Tannkrem", "price": 27.9, "product_variant": "Fra 6 -12 \u00e5r, 50 ml", "quantity_info": [[6.0, ""], [12.0, "\u00e5r"], [50.0, "ml"]], "image_url": "/media/uploads/public/330/2/155202-e12c7-product_list.jpg", "unit_price_raw": "kr 558,00 per l", "product_url": "https://kolonial.no/produkter/25011-solidox-junior-tannkrem-fra-6-12-ar/", "kolonial_id": "25011"},
  {"category": "Vaskemidler", "category_list": ["Alle varer", "T\u00f8rkepapir og vaskemidler", "Vaskemidler"], "title": "Skurekrem Med Sitron", "price": 13.8, "product_variant": "500 ml", "quantity_info": [[500.0, "ml"]], "image_url": "/media/uploads/public/12/191/968591-a9439-product_list.jpg", "unit_price_raw": "kr 27,60 per l", "product_url": "https://kolonial.no/produkter/16272-rema-1000-skurekrem-med-sitron/", "kolonial_id": "16272"},
  {"category": "Frossen fisk og sj\u00f8mat", "category_list": ["Alle varer", "Fisk og sj\u00f8mat", "Frossen fisk og sj\u00f8mat"], "title": "Torskeloin Uten Skinn", "price": 79.8, "product_variant": "4x125g, 500 g", "quantity_info": [[4.0, "x"], [125.0, "g"], [500.0, "g"]], "image_url": "/media/uploads/public/22/33/972033-9e032-product_list.jpg", "unit_price_raw": "kr 159,60 per kg", "product_url": "https://kolonial.no/produkter/4228-godehav-torskeloin-uten-skinn-4x125g/", "kolonial_id": "4228"},
  {"category": "Baketilbeh\u00f8r", "category_list": ["Alle varer", "Mel og bakeingredienser", "Baketilbeh\u00f8r"], "title": "Kakepynt Super Hero", "price": 47.4, "product_variant": "4 kammer, 76 g", "quantity_info": [[4.0, "kammer"], [76.0, "g"]], "image_url": "/media/uploads/public/241/17/134817-e0447-product_list.jpg", "unit_price_raw": "kr 623,68 per kg", "product_url": "https://kolonial.no/produkter/23788-dr-oetker-kakepynt-super-hero-4-kammer/", "kolonial_id": "23788"},
  {"category": "Klesvask", "category_list": ["Alle varer", "T\u00f8rkepapir og vaskemidler", "Klesvask"], "title": "Milo T\u00f8yvask Refill", "price": 50.1, "product_variant": "490 ml", "quantity_info": [[490.0, "ml"]], "image_url": "/media/uploads/public/357/79/972079-8841a-product_list.jpg", "unit_price_raw": "kr 102,24 per l", "product_url": "https://kolonial.no/produkter/25065-milo-milo-toyvask-refill/", "kolonial_id": "25065"},
  {"category": "Klesvask", "category_list": ["Alle varer", "T\u00f8rkepapir og vaskemidler", "Klesvask"], "title": "T\u00f8yvask Ull & Silke", "price": 24.6, "product_variant": "1 l", "quantity_info": [[1.0, "l"]], "image_url": "/media/uploads/public/377/50/970050-1b2a2-product_list.jpg", "unit_price_raw": "kr 24,60 per l", "product_url": "https://kolonial.no/produkter/8506-rema-1000-toyvask-ull-silke/", "kolonial_id": "8506"},
  {"category": "Fersk fisk", "category_list": ["Alle varer", "Fisk og sj\u00f8mat", "Fersk fisk"], "title": "Backloin 1/2", "price": 64.9, "product_variant": "Salma, \n                            \n\n                            Norge, ca. 220 g", "quantity_info": [[220.0, "g"]], "image_url": "/media/uploads/public/373/197/904197-96ffb-product_list_large.jpg", "unit_price_raw": "kr 295,00 per kg", "product_url": "https://kolonial.no/produkter/27823-salma-backloin-12-norge/", "kolonial_id": "27823"},
  {"category": "Oljer og dressinger", "category_list": ["Alle varer", "Olje og krydder", "Oljer og dressinger"], "title": "Fish Sauce", "price": 33.4, "product_variant": "150 ml", "quantity_info": [[150.0, "ml"]], "image_url": "/media/uploads/public/188/236/967836-e6919-product_list.jpg", "unit_price_raw": "kr 222,67 per l", "product_url": "https://kolonial.no/produkter/1570-blue-dragon-fish-sauce-015l/", "kolonial_id": "1570"},
  {"category": "Ferdigmikser", "category_list": ["Alle varer", "Mel og bakeingredienser", "Ferdigmikser"], "title": "Rundstykker Uten Gj\u00e6r", "price": 45.0, "product_variant": "500 g", "quantity_info": [[500.0, "g"]], "image_url": "/media/uploads/public/32/25/914425-cd27d-product_list.jpg", "unit_price_raw": "kr 90,00 per kg", "product_url": "https://kolonial.no/produkter/14050-det-glutenfrie-verksted-rundstykker-uten-gjaer/", "kolonial_id": "14050"},
  {"category": "Tyggis og pastiller", "category_list": ["Alle varer", "Snacks og godteri", "Tyggis og pastiller"], "title": "Tyggis Hvite Tenner", "price": 15.9, "product_variant": "10 stk, 14 g", "quantity_info": [[10.0, "stk"], [14.0, "g"]], "image_url": "/media/uploads/public/90/380/973180-861d2-product_list.jpg", "unit_price_raw": "kr 1135,71 per kg", "product_url": "https://kolonial.no/produkter/27261-solidox-tyggis-hvite-tenner-10-stk/", "kolonial_id": "27261"},
  {"category": "Tyggis og pastiller", "category_list": ["Alle varer", "Snacks og godteri", "Tyggis og pastiller"], "title": "Tyggis Rene Tenner", "price": 15.9, "product_variant": "10 stk, 14 g", "quantity_info": [[10.0, "stk"], [14.0, "g"]], "image_url": "/media/uploads/public/224/69/973269-d1b5d-product_list.jpg", "unit_price_raw": "kr 1135,71 per kg", "product_url": "https://kolonial.no/produkter/27260-solidox-tyggis-rene-tenner-10-stk/", "kolonial_id": "27260"},
  {"category": "Frokostblandinger og gryn", "category_list": ["Alle varer", "Br\u00f8d og frokostblandinger", "Frokostblandinger og gryn"], "title": "Byggryn Hele", "price": 19.2, "product_variant": "550 g", "quantity_info": [[550.0, "g"]], "image_url": "/media/uploads/public/86/340/971540-9a145-product_list.jpg", "unit_price_raw": "kr 34,91 per kg", "product_url": "https://kolonial.no/produkter/23840-mollerens-byggryn-hele/", "kolonial_id": "23840"},
  {"category": "Supper", "category_list": ["Alle varer", "Middager og tilbeh\u00f8r", "Supper"], "title": "Blomk\u00e5l- & Brokkolisuppe", "price": 18.2, "product_variant": "Rett i Koppen, 20 g", "quantity_info": [[20.0, "g"]], "image_url": "/media/uploads/public/364/243/965443-71cfb-product_list.jpg", "unit_price_raw": "kr 910,00 per kg", "product_url": "https://kolonial.no/produkter/6319-toro-blomkal-brokkolisuppe-rett-i-koppen/", "kolonial_id": "6319"},
  {"category": "Supper", "category_list": ["Alle varer", "Middager og tilbeh\u00f8r", "Supper"], "title": "Potet Med Kj\u00f8tt", "price": 29.1, "product_variant": "Rett i Koppen, 50 g", "quantity_info": [[50.0, "g"]], "image_url": "/media/uploads/public/0/59/35659-88691-product_list.jpg", "unit_price_raw": "kr 582,00 per kg", "product_url": "https://kolonial.no/produkter/6310-toro-potet-med-kjott-rett-i-koppen/", "kolonial_id": "6310"},
  {"category": "Knekkebr\u00f8d", "category_list": ["Alle varer", "Br\u00f8d og frokostblandinger", "Knekkebr\u00f8d"], "title": "Fiber Balance", "price": 16.2, "product_variant": "230 g", "quantity_info": [[230.0, "g"]], "image_url": "/media/uploads/public/379/164/964964-80417-product_list.jpg", "unit_price_raw": "kr 70,43 per kg", "product_url": "https://kolonial.no/produkter/1154-wasa-fiber-balance-230g/", "kolonial_id": "1154"},
  {"category": "Langtidsholdbare br\u00f8d", "category_list": ["Alle varer", "Br\u00f8d og frokostblandinger", "Langtidsholdbare br\u00f8d"], "title": "Baguette Grov Steinovnsbakt", "price": 34.1, "product_variant": "250 g", "quantity_info": [[250.0, "g"]], "image_url": "/media/uploads/public/303/23/967623-c8369-product_list.jpg", "unit_price_raw": "kr 136,40 per kg", "product_url": "https://kolonial.no/produkter/13378-rema-1000-baguette-grov-steinovnsbakt-250g/", "kolonial_id": "13378"},
  {"category": "Pasta og nudler", "category_list": ["Alle varer", "Middager og tilbeh\u00f8r", "Pasta og nudler"], "title": "Penne Fullkorn", "price": 18.9, "product_variant": "500 g", "quantity_info": [[500.0, "g"]], "image_url": "/media/uploads/public/352/388/968788-1ef78-product_list.jpg", "unit_price_raw": "kr 37,80 per kg", "product_url": "https://kolonial.no/produkter/16413-rema-1000-penne-fullkorn/", "kolonial_id": "16413"},
  {"category": "Hermetisert frukt og gr\u00f8nt", "category_list": ["Alle varer", "Frukt og gr\u00f8nt", "Hermetisert frukt og gr\u00f8nt"], "title": "Baked Beans", "price": 34.8, "product_variant": "415 g", "quantity_info": [[415.0, "g"]], "image_url": "/media/uploads/public/60/297/965897-187d9-product_list.jpg", "unit_price_raw": "kr 83,86 per kg", "product_url": "https://kolonial.no/produkter/10927-heinz-baked-beans-415g/", "kolonial_id": "10927"},
  {"category": "Hermetisert frukt og gr\u00f8nt", "category_list": ["Alle varer", "Frukt og gr\u00f8nt", "Hermetisert frukt og gr\u00f8nt"], "title": "Nora Tomatb\u00f8nner", "price": 15.3, "product_variant": "425 g", "quantity_info": [[425.0, "g"]], "image_url": "/media/uploads/public/376/376/965176-4a4be-product_list.jpg", "unit_price_raw": "kr 36,00 per kg", "product_url": "https://kolonial.no/produkter/6745-nora-nora-tomatbonner-425g/", "kolonial_id": "6745"},
  {"category": "Ferdige middagsretter", "category_list": ["Alle varer", "Middager og tilbeh\u00f8r", "Ferdige middagsretter"], "title": "Korma Kylling", "price": 77.1, "product_variant": "450 g", "quantity_info": [[450.0, "g"]], "image_url": "/media/uploads/public/396/222/969022-12027-product_list.jpg", "unit_price_raw": "kr 171,33 per kg", "product_url": "https://kolonial.no/produkter/17311-saritas-korma-kylling/", "kolonial_id": "17311"},
  {"category": "Ferdigsauser", "category_list": ["Alle varer", "Middager og tilbeh\u00f8r", "Ferdigsauser"], "title": "Gr\u00f8nn Pesto", "price": 36.4, "product_variant": "130 g", "quantity_info": [[130.0, "g"]], "image_url": "/media/uploads/public/0/31/13631-97d8f-product_list.jpg", "unit_price_raw": "kr 280,00 per kg", "product_url": "https://kolonial.no/produkter/9989-helios-gronn-pesto-130g/", "kolonial_id": "9989"},
  {"category": "P\u00f8lser", "category_list": ["Alle varer", "Kj\u00f8tt og kylling", "P\u00f8lser"], "title": "Grillp\u00f8lse", "price": 42.9, "product_variant": "600 g", "quantity_info": [[600.0, "g"]], "image_url": "/media/uploads/public/247/386/998786-d0362-product_list.jpg", "unit_price_raw": "kr 71,50 per kg", "product_url": "https://kolonial.no/produkter/957-gilde-grillpolse-600g/", "kolonial_id": "957"},
  {"category": "Kontor", "category_list": ["Alle varer", "Husholdning og tekstil", "Kontor"], "title": "Stiftemaskin med Stifter", "price": 29.2, "product_variant": "1 stk", "quantity_info": [[1.0, "stk"]], "image_url": "/media/uploads/public/0/75/46075-a17d5-product_list.jpg", "unit_price_raw": "kr 29,20 per stk", "product_url": "https://kolonial.no/produkter/15067-stiftemaskin-med-stifter/", "kolonial_id": "15067"},
  {"category": "Fr\u00f8, n\u00f8tter og t\u00f8rket frukt", "category_list": ["Alle varer", "Frukt og gr\u00f8nt", "Fr\u00f8, n\u00f8tter og t\u00f8rket frukt"], "title": "Kokosmasse", "price": 17.6, "product_variant": "250 g", "quantity_info": [[250.0, "g"]], "image_url": "/media/uploads/public/301/91/964491-dc500-product_list.jpg", "unit_price_raw": "kr 70,40 per kg", "product_url": "https://kolonial.no/produkter/8300-rema-1000-kokosmasse-250g/", "kolonial_id": "8300"},
  {"category": "Kj\u00f8ttboller og karbonader", "category_list": ["Alle varer", "Kj\u00f8tt og kylling", "Kj\u00f8ttboller og karbonader"], "title": "Medisterkaker", "price": 39.4, "product_variant": "400 g", "quantity_info": [[400.0, "g"]], "image_url": "/media/uploads/public/77/383/1001583-f422c-product_list.jpg", "unit_price_raw": "kr 98,50 per kg", "product_url": "https://kolonial.no/produkter/25981-gilde-medisterkaker/", "kolonial_id": "25981"},
  {"category": "Gr\u00f8nnsaker", "category_list": ["Alle varer", "Frukt og gr\u00f8nt", "Gr\u00f8nnsaker"], "title": "Gul L\u00f8k", "price": 15.9, "product_variant": "2 stk, Norge, 500 g", "quantity_info": [[2.0, "stkNorge"], [500.0, "g"]], "image_url": "/media/uploads/public/185/23/642823-6a823-product_list.jpg", "unit_price_raw": "kr 31,80 per kg", "product_url": "https://kolonial.no/produkter/9215-gul-lok-2-stk-norge/", "kolonial_id": "9215"},
  {"category": "Frukt", "category_list": ["Alle varer", "Frukt og gr\u00f8nt", "Frukt"], "title": "Epler, Gr\u00f8nne, 6 pk", "price": 26.5, "product_variant": "Granny Smith, Italia, ca. 950 g", "quantity_info": [[950.0, "g"]], "image_url": "/media/uploads/public/261/175/661375-633b5-product_list.jpg", "unit_price_raw": "kr 27,89 per kg", "product_url": "https://kolonial.no/produkter/27169-epler-gronne-6-pk-granny-smith-italia/", "kolonial_id": "27169"},
  {"category": "Posesauser", "category_list": ["Alle varer", "Middager og tilbeh\u00f8r", "Posesauser"], "title": "Bearnaise Ekstra Krydret", "price": 23.1, "product_variant": "29 g", "quantity_info": [[29.0, "g"]], "image_url": "/media/uploads/public/233/0/156400-40ade-product_list.jpg", "unit_price_raw": "kr 796,55 per kg", "product_url": "https://kolonial.no/produkter/25168-toro-bearnaise-ekstra-krydret/", "kolonial_id": "25168"},
  {"category": "N\u00f8tter", "category_list": ["Alle varer", "Snacks og godteri", "N\u00f8tter"], "title": "Polly Pean\u00f8tter", "price": 103.9, "product_variant": "880 g", "quantity_info": [[880.0, "g"]], "image_url": "/media/uploads/public/155/319/262319-fbe22-product_list.jpg", "unit_price_raw": "kr 118,07 per kg", "product_url": "https://kolonial.no/produkter/25497-polly-polly-peanotter/", "kolonial_id": "25497"},
  {"category": "Kylling, kalkun og and", "category_list": ["Alle varer", "Kj\u00f8tt og kylling", "Kylling, kalkun og and"], "title": "Kyllingfilet Stekt Og Spiseklar Chili Og Ingef\u00e6r", "price": 49.9, "product_variant": "200 g", "quantity_info": [[200.0, "g"]], "image_url": "/media/uploads/public/358/398/939598-87523-product_list.jpg", "unit_price_raw": "kr 249,50 per kg", "product_url": "https://kolonial.no/produkter/27879-kyllingfilet-stekt-og-spiseklar-chili-og-ingefaer/", "kolonial_id": "27879"},
  {"category": "Kylling, kalkun og and", "category_list": ["Alle varer", "Kj\u00f8tt og kylling", "Kylling, kalkun og and"], "title": "Kyllingfilet Stekt Og Skivet Solt\u00f8rket Tomat", "price": 49.9, "product_variant": "200 g", "quantity_info": [[200.0, "g"]], "image_url": "/media/uploads/public/248/347/969147-aff1e-product_list.jpg", "unit_price_raw": "kr 249,50 per kg", "product_url": "https://kolonial.no/produkter/27880-den-stolte-hane-kyllingfilet-stekt-og-skivet-solto/", "kolonial_id": "27880"},
  {"category": "Middagsglass", "category_list": ["Alle varer", "Barneprodukter", "Middagsglass"], "title": "Organix Eple, Kanel & Granola", "price": 18.6, "product_variant": "Fra 6 mnd, 120 g", "quantity_info": [[6.0, "mnd"], [120.0, "g"]], "image_url": "/media/uploads/public/20/14/972414-152b2-product_list.jpg", "unit_price_raw": "kr 155,00 per kg", "product_url": "https://kolonial.no/produkter/26739-semper-organix-eple-kanel-granola-fra-6-mnd/", "kolonial_id": "26739"},
  {"category": "Honning og s\u00f8tp\u00e5legg", "category_list": ["Alle varer", "P\u00e5legg", "Honning og s\u00f8tp\u00e5legg"], "title": "Banos", "price": 24.9, "product_variant": "240 g", "quantity_info": [[240.0, "g"]], "image_url": "/media/uploads/public/0/320/14720-69b85-product_list.jpg", "unit_price_raw": "kr 103,75 per kg", "product_url": "https://kolonial.no/produkter/10664-banos-240g/", "kolonial_id": "10664"},
  {"category": "Honning og s\u00f8tp\u00e5legg", "category_list": ["Alle varer", "P\u00e5legg", "Honning og s\u00f8tp\u00e5legg"], "title": "Sunda", "price": 23.1, "product_variant": "280 g", "quantity_info": [[280.0, "g"]], "image_url": "/media/uploads/public/0/317/14717-96805-product_list.jpg", "unit_price_raw": "kr 82,50 per kg", "product_url": "https://kolonial.no/produkter/10661-sunda-280g/", "kolonial_id": "10661"},
  {"category": "Snus", "category_list": ["Alle varer", "Snus og tobakk", "Snus"], "title": "Onico Lakris WP", "price": 61.9, "product_variant": "Nikotinfri, 24 g", "quantity_info": [[24.0, "g"]], "image_url": "https://kolonial.no/static/products/img/placeholder.bffcea8d3530.png", "unit_price_raw": "kr 2579,17 per kg", "product_url": "https://kolonial.no/produkter/15963-onico-onico-lakris-wp-nikotinfri/", "kolonial_id": "15963"},
  {"category": "Sigaretter", "category_list": ["Alle varer", "Snus og tobakk", "Sigaretter"], "title": "Paramount Red 30 Maxi", "price": 139.9, "product_variant": "30 stk", "quantity_info": [[30.0, "stk"]], "image_url": "https://kolonial.no/static/products/img/placeholder.bffcea8d3530.png", "unit_price_raw": "kr 4,66 per stk", "product_url": "https://kolonial.no/produkter/17698-paramount-paramount-red-30-maxi/", "kolonial_id": "17698"},
  {"category": "Majones og tubep\u00e5legg", "category_list": ["Alle varer", "P\u00e5legg", "Majones og tubep\u00e5legg"], "title": "\u00d8kologisk Aioli", "price": 38.4, "product_variant": "230 ml", "quantity_info": [[230.0, "ml"]], "image_url": "/media/uploads/public/166/192/324992-20ec8-product_list.jpg", "unit_price_raw": "kr 166,96 per l", "product_url": "https://kolonial.no/produkter/25642-lohmanders-okologisk-aioli/", "kolonial_id": "25642"},
  {"category": "Syltet\u00f8y", "category_list": ["Alle varer", "P\u00e5legg", "Syltet\u00f8y"], "title": "Appelsinmarmelade Hjemmelaget", "price": 32.1, "product_variant": "400 g", "quantity_info": [[400.0, "g"]], "image_url": "/media/uploads/public/89/58/155258-14f0a-product_list.jpg", "unit_price_raw": "kr 80,25 per kg", "product_url": "https://kolonial.no/produkter/25073-nora-appelsinmarmelade-hjemmelaget/", "kolonial_id": "25073"},
  {"category": "Fiskep\u00e5legg", "category_list": ["Alle varer", "P\u00e5legg", "Fiskep\u00e5legg"], "title": "Cocktailbiter i Dill", "price": 23.3, "product_variant": "55 g", "quantity_info": [[55.0, "g"]], "image_url": "/media/uploads/public/0/311/14711-1ff13-product_list.jpg", "unit_price_raw": "kr 423,64 per kg", "product_url": "https://kolonial.no/produkter/10655-abba-cocktailbiter-i-dill-55g/", "kolonial_id": "10655"},
  {"category": "Spekemat og salami", "category_list": ["Alle varer", "P\u00e5legg", "Spekemat og salami"], "title": "Dansk Salami Skivet", "price": 36.1, "product_variant": "250 g", "quantity_info": [[250.0, "g"]], "image_url": "/media/uploads/public/37/309/971509-389cf-product_list.jpg", "unit_price_raw": "kr 144,40 per kg", "product_url": "https://kolonial.no/produkter/4777-tulip-dansk-salami-skivet-250g/", "kolonial_id": "4777"},
  {"category": "Kattemat", "category_list": ["Alle varer", "Dyremat", "Kattemat"], "title": "Gourmet Gold Oksekj\u00f8tt", "price": 11.4, "product_variant": "85 g", "quantity_info": [[85.0, "g"]], "image_url": "/media/uploads/public/35/104/971304-5d621-product_list.jpg", "unit_price_raw": "kr 134,12 per kg", "product_url": "https://kolonial.no/produkter/23394-gourmet-gold-gourmet-gold-oksekjott/", "kolonial_id": "23394"},
  {"category": "Kattemat", "category_list": ["Alle varer", "Dyremat", "Kattemat"], "title": "Adult Sterile Kylling", "price": 69.4, "product_variant": "750 g", "quantity_info": [[750.0, "g"]], "image_url": "/media/uploads/public/167/73/158073-efa21-product_list.jpg", "unit_price_raw": "kr 92,53 per kg", "product_url": "https://kolonial.no/produkter/25239-perfect-fit-adult-sterile-kylling/", "kolonial_id": "25239"},
  {"category": "Fl\u00f8te og r\u00f8mmeprodukter", "category_list": ["Alle varer", "Melk, meieriprodukter og egg", "Fl\u00f8te og r\u00f8mmeprodukter"], "title": "iMAT Fraiche", "price": 31.6, "product_variant": "Vegetabilsk, 200 ml", "quantity_info": [[200.0, "ml"]], "image_url": "/media/uploads/public/277/127/968927-e15e0-product_list.jpg", "unit_price_raw": "kr 158,00 per l", "product_url": "https://kolonial.no/produkter/17026-oatly-imat-fraiche-vegetabilsk/", "kolonial_id": "17026"},
  {"category": "Yoghurt", "category_list": ["Alle varer", "Melk, meieriprodukter og egg", "Yoghurt"], "title": "Go' Morgen", "price": 17.8, "product_variant": "Vaniljeyoghurt med havrecrisp, 195 g", "quantity_info": [[195.0, "g"]], "image_url": "/media/uploads/public/259/376/968376-b15a8-product_list.jpg", "unit_price_raw": "kr 91,28 per kg", "product_url": "https://kolonial.no/produkter/441-tine-go-morgen-vaniljeyoghurt-med-havrecrisp-195g/", "kolonial_id": "441"},
  {"category": "Sm\u00f8r og margarin", "category_list": ["Alle varer", "Melk, meieriprodukter og egg", "Sm\u00f8r og margarin"], "title": "Hvitl\u00f8ksm\u00f8r", "price": 20.5, "product_variant": "90 g", "quantity_info": [[90.0, "g"]], "image_url": "/media/uploads/public/17/345/969545-7620c-product_list.jpg", "unit_price_raw": "kr 227,78 per kg", "product_url": "https://kolonial.no/produkter/17524-synnove-hvitloksmor/", "kolonial_id": "17524"},
  {"category": "Sm\u00f8r og margarin", "category_list": ["Alle varer", "Melk, meieriprodukter og egg", "Sm\u00f8r og margarin"], "title": "Kryddersm\u00f8r", "price": 23.1, "product_variant": "90 g", "quantity_info": [[90.0, "g"]], "image_url": "/media/uploads/public/278/338/969538-9dad7-product_list.jpg", "unit_price_raw": "kr 256,67 per kg", "product_url": "https://kolonial.no/produkter/4501-synnove-kryddersmor-90g/", "kolonial_id": "4501"},
  {"category": "Te", "category_list": ["Alle varer", "Drikkevarer", "Te"], "title": "Gr\u00f8nn te Pasjonsfrukt & Jasmin", "price": 60.9, "product_variant": "25 stk", "quantity_info": [[25.0, "stk"]], "image_url": "/media/uploads/public/380/52/517652-4f719-product_list.jpg", "unit_price_raw": "kr 2,44 per stk", "product_url": "https://kolonial.no/produkter/26344-kericho-gold-gronn-te-pasjonsfrukt-jasmin/", "kolonial_id": "26344"},
  {"category": "Kaffe", "category_list": ["Alle varer", "Drikkevarer", "Kaffe"], "title": "Kaffe fra Kenya", "price": 69.0, "product_variant": "Hele b\u00f8nner, 225 g", "quantity_info": [[225.0, "g"]], "image_url": "/media/uploads/public/78/381/445581-c0885-product_list.jpg", "unit_price_raw": "kr 306,67 per kg", "product_url": "https://kolonial.no/produkter/26210-kolonihagen-kaffe-fra-kenya-hele-bonner/", "kolonial_id": "26210"},
  {"category": "Saft", "category_list": ["Alle varer", "Drikkevarer", "Saft"], "title": "Snapple Kiwi Strawberry", "price": 29.5, "product_variant": "473 ml", "quantity_info": [[473.0, "ml"]], "image_url": "/media/uploads/public/213/397/970797-4378d-product_list.jpg", "unit_price_raw": "kr 62,37 per l", "product_url": "https://kolonial.no/produkter/22849-snapple-snapple-kiwi-strawberry/", "kolonial_id": "22849"},
  {"category": "Juice", "category_list": ["Alle varer", "Drikkevarer", "Juice"], "title": "Supri med Eple, Gulrot, S\u00f8tpotet & Fersken", "price": 37.0, "product_variant": "30% Gr\u00f8nnsaker, 1 l", "quantity_info": [[30.0, "Gr\u00f8nnsaker"], [1.0, "l"]], "image_url": "/media/uploads/public/353/390/970390-70e48-product_list.jpg", "unit_price_raw": "kr 37,00 per l", "product_url": "https://kolonial.no/produkter/21310-sunniva-supri-ep-gulr-juice-1l-1-stk/", "kolonial_id": "21310"},
  {"category": "Vann og mineralvann", "category_list": ["Alle varer", "Drikkevarer", "Vann og mineralvann"], "title": "Vitamin Well Reload", "price": 29.1, "product_variant": "0,5 l", "quantity_info": [[0.5, "l"]], "image_url": "/media/uploads/public/67/303/973903-30d02-product_list.jpg", "unit_price_raw": "kr 58,20 per l", "product_url": "https://kolonial.no/produkter/15924-vitamin-well-vitamin-well-reload/", "kolonial_id": "15924"},
  {"category": "Vann og mineralvann", "category_list": ["Alle varer", "Drikkevarer", "Vann og mineralvann"], "title": "Vitamin Well Antioxidant", "price": 30.1, "product_variant": "0,5 l", "quantity_info": [[0.5, "l"]], "image_url": "/media/uploads/public/250/324/973924-315f7-product_list.jpg", "unit_price_raw": "kr 60,20 per l", "product_url": "https://kolonial.no/produkter/15921-vitamin-well-vitamin-well-antioxidant/", "kolonial_id": "15921"},
  {"category": "Bleier", "category_list": ["Alle varer", "Barneprodukter", "Bleier"], "title": "Libero Sleep Tight", "price": 95.9, "product_variant": "S9, 22-37 kg, 14 stk", "quantity_info": [[9.22, ""], [37.0, "kg"], [14.0, "stk"]], "image_url": "/media/uploads/public/211/224/972224-5c30f-product_list.jpg", "unit_price_raw": "kr 6,85 per stk", "product_url": "https://kolonial.no/produkter/25048-libero-libero-sleep-tight-s9-22-37-kg/", "kolonial_id": "25048"},
  {"category": "Spesialoster", "category_list": ["Alle varer", "Oster", "Spesialoster"], "title": "Camembert Le Rustique", "price": 47.8, "product_variant": "250 g", "quantity_info": [[250.0, "g"]], "image_url": "/media/uploads/public/348/127/972527-e77b4-product_list.jpg", "unit_price_raw": "kr 191,20 per kg", "product_url": "https://kolonial.no/produkter/12268-tine-camembert-le-rustique-250g/", "kolonial_id": "12268"},
  {"category": "Julens p\u00e5legg", "category_list": ["Alle varer", "P\u00e5legg", "Julens p\u00e5legg"], "title": "R\u00f8mmesild", "price": 47.9, "product_variant": "500 g", "quantity_info": [[500.0, "g"]], "image_url": "/media/uploads/public/375/188/990988-a57a6-product_list.jpg", "unit_price_raw": "kr 95,80 per kg", "product_url": "https://kolonial.no/produkter/27996-delikat-rommesild/", "kolonial_id": "27996"},
  {"category": "Brus", "category_list": ["Alle varer", "Drikkevarer", "Brus"], "title": "Cola X", "price": 23.3, "product_variant": "Uten Tilsatt Sukker, 1,5 l", "quantity_info": [[1.5, "l"]], "image_url": "/media/uploads/public/239/365/973965-3fbf7-product_list.jpg", "unit_price_raw": "kr 15,53 per l", "product_url": "https://kolonial.no/produkter/16534-grans-bryggeri-cola-x-uten-tilsatt-sukker/", "kolonial_id": "16534"},
  {"category": "Brus", "category_list": ["Alle varer", "Drikkevarer", "Brus"], "title": "Cola Classic", "price": 17.1, "product_variant": "1,5 l", "quantity_info": [[1.5, "l"]], "image_url": "/media/uploads/public/4/255/973855-6673a-product_list.jpg", "unit_price_raw": "kr 11,40 per l", "product_url": "https://kolonial.no/produkter/6850-grans-bryggeri-cola-classic-15l/", "kolonial_id": "6850"},
  {"category": "Hundemat", "category_list": ["Alle varer", "Dyremat", "Hundemat"], "title": "Cheesy Bites", "price": 28.6, "product_variant": "140 g", "quantity_info": [[140.0, "g"]], "image_url": "/media/uploads/public/287/26/155226-d0967-product_list.jpg", "unit_price_raw": "kr 204,29 per kg", "product_url": "https://kolonial.no/produkter/25037-pedigree-cheesy-bites/", "kolonial_id": "25037"},
  {"category": "Taco", "category_list": ["Alle varer", "Pizza og taco", "Taco"], "title": "Tacosauce Medium", "price": 10.8, "product_variant": "230 g", "quantity_info": [[230.0, "g"]], "image_url": "/media/uploads/public/126/244/967444-56b66-product_list.jpg", "unit_price_raw": "kr 46,96 per kg", "product_url": "https://kolonial.no/produkter/8518-rema-1000-tacosauce-medium-230g/", "kolonial_id": "8518"},
  {"category": "Taco", "category_list": ["Alle varer", "Pizza og taco", "Taco"], "title": "Taste Lab Salsa Clasica 180g", "price": 17.7, "product_variant": "0,18 kg", "quantity_info": [[0.18, "kg"]], "image_url": "/media/uploads/public/335/239/641039-303b4-product_list.jpg", "unit_price_raw": "kr 98,33 per kg", "product_url": "https://kolonial.no/produkter/26987-taste-lab-salsa-clasica-180g-0-18-kg/", "kolonial_id": "26987"},
  {"category": "Melk", "category_list": ["Alle varer", "Melk, meieriprodukter og egg", "Melk"], "title": "Havredrikk iKaffe", "price": 32.9, "product_variant": "1 l", "quantity_info": [[1.0, "l"]], "image_url": "/media/uploads/public/351/192/970992-69fdf-product_list.jpg", "unit_price_raw": "kr 32,90 per l", "product_url": "https://kolonial.no/produkter/23256-oatly-havredrikk-ikaffe/", "kolonial_id": "23256"},
  {"category": "Krydder", "category_list": ["Alle varer", "Olje og krydder", "Krydder"], "title": "Basilikum", "price": 47.3, "product_variant": "23 g", "quantity_info": [[23.0, "g"]], "image_url": "/media/uploads/public/147/328/965528-9ebb5-product_list.jpg", "unit_price_raw": "kr 2056,52 per kg", "product_url": "https://kolonial.no/produkter/6154-toro-basilikum-21g/", "kolonial_id": "6154"},
  {"category": "Helsekost", "category_list": ["Alle varer", "Legemidler og helsekost", "Helsekost"], "title": "M\u00f6ller's Tran Fruktsmak", "price": 94.4, "product_variant": "250 ml", "quantity_info": [[250.0, "ml"]], "image_url": "/media/uploads/public/266/228/534628-c20f7-product_list.jpg", "unit_price_raw": "kr 377,60 per l", "product_url": "https://kolonial.no/produkter/26378-mollers-mollers-tran-fruktsmak/", "kolonial_id": "26378"},
  {"category": "Proteinbar og m\u00fcslibar", "category_list": ["Alle varer", "Legemidler og helsekost", "Proteinbar og m\u00fcslibar"], "title": "M\u00fcslibar Sjokolade og Kokos", "price": 24.9, "product_variant": "6pk, 138 g", "quantity_info": [[6.0, "pk"], [138.0, "g"]], "image_url": "/media/uploads/public/397/47/1012847-8a9db-product_list.jpg", "unit_price_raw": "kr 180,43 per kg", "product_url": "https://kolonial.no/produkter/28084-muslibar-sjokolade-og-kokos-23g-6pk-014-kg/", "kolonial_id": "28084"},
  {"category": "Bind og tamponger", "category_list": ["Alle varer", "Hygieneartikler", "Bind og tamponger"], "title": "Tamponger med innf\u00f8ringshylse Super, Ikke Klorbleket", "price": 47.3, "product_variant": "\u00d8kologisk, 14 stk", "quantity_info": [[14.0, "stk"]], "image_url": "/media/uploads/public/144/125/128125-853dc-product_list.jpg", "unit_price_raw": "kr 3,38 per stk", "product_url": "https://kolonial.no/produkter/23449-masmi-tamponger-med-innforingshylse-super-ikke-klo/", "kolonial_id": "23449"},
  {"category": "Shampo og h\u00e5rprodukter", "category_list": ["Alle varer", "Shampo, s\u00e5pe og krem", "Shampo og h\u00e5rprodukter"], "title": "Balsam", "price": 31.7, "product_variant": "200 ml", "quantity_info": [[200.0, "ml"]], "image_url": "/media/uploads/public/53/392/971592-14ddb-product_list.jpg", "unit_price_raw": "kr 158,50 per l", "product_url": "https://kolonial.no/produkter/23646-organic-circle-balsam/", "kolonial_id": "23646"},
  {"category": "Shampo og h\u00e5rprodukter", "category_list": ["Alle varer", "Shampo, s\u00e5pe og krem", "Shampo og h\u00e5rprodukter"], "title": "Shampo Volumising", "price": 52.4, "product_variant": "250 ml", "quantity_info": [[250.0, "ml"]], "image_url": "/media/uploads/public/45/68/145268-64323-product_list.jpg", "unit_price_raw": "kr 209,60 per l", "product_url": "https://kolonial.no/produkter/24405-fab-hair-shampo-volumising/", "kolonial_id": "24405"},
  {"category": "Krem", "category_list": ["Alle varer", "Shampo, s\u00e5pe og krem", "Krem"], "title": "Bodylotion", "price": 15.8, "product_variant": "300 ml", "quantity_info": [[300.0, "ml"]], "image_url": "/media/uploads/public/14/86/1012886-49afd-product_list.jpg", "unit_price_raw": "kr 52,67 per l", "product_url": "https://kolonial.no/produkter/5215-soft-style-bodylotion-300ml/", "kolonial_id": "5215"},
  {"category": "Gulost", "category_list": ["Alle varer", "Oster", "Gulost"], "title": "Gr\u00e4ddost i Skiver", "price": 26.0, "product_variant": "100 g", "quantity_info": [[100.0, "g"]], "image_url": "/media/uploads/public/0/310/2710-82716-product_list.jpg", "unit_price_raw": "kr 260,00 per kg", "product_url": "https://kolonial.no/produkter/2278-tine-graddost-i-skiver-100g/", "kolonial_id": "2278"},
  {"category": "Fryst pizza", "category_list": ["Alle varer", "Pizza og taco", "Fryst pizza"], "title": "Ristorante Speciale", "price": 76.6, "product_variant": "2pk, 660 g", "quantity_info": [[2.0, "pk"], [660.0, "g"]], "image_url": "/media/uploads/public/199/40/974040-46b11-product_list.jpg", "unit_price_raw": "kr 116,06 per kg", "product_url": "https://kolonial.no/produkter/4300-dr-oetker-pizza-speciale-2pk/", "kolonial_id": "4300"},
  {"category": "Tannpleie", "category_list": ["Alle varer", "Hygieneartikler", "Tannpleie"], "title": "Tannkrem Totalbeskyttelse", "price": 34.1, "product_variant": "75 ml", "quantity_info": [[75.0, "ml"]], "image_url": "/media/uploads/public/125/32/964832-d7516-product_list.jpg", "unit_price_raw": "kr 454,67 per l", "product_url": "https://kolonial.no/produkter/7129-solidox-tannkrem-totalbeskyttelse-75ml/", "kolonial_id": "7129"},
  {"category": "Vaskemidler", "category_list": ["Alle varer", "T\u00f8rkepapir og vaskemidler", "Vaskemidler"], "title": "Skurekrem", "price": 30.7, "product_variant": "Sitron, 500 ml", "quantity_info": [[500.0, "ml"]], "image_url": "/media/uploads/public/53/48/964848-55d3e-product_list.jpg", "unit_price_raw": "kr 61,40 per l", "product_url": "https://kolonial.no/produkter/667-jif-skurekrem-sitron-500ml/", "kolonial_id": "667"},
  {"category": "Vaskemidler", "category_list": ["Alle varer", "T\u00f8rkepapir og vaskemidler", "Vaskemidler"], "title": "Jif Skurekrem", "price": 36.9, "product_variant": "500 ml", "quantity_info": [[500.0, "ml"]], "image_url": "/media/uploads/public/152/384/964784-ff4bb-product_list.jpg", "unit_price_raw": "kr 73,80 per l", "product_url": "https://kolonial.no/produkter/7096-jif-jif-skurekrem-500ml/", "kolonial_id": "7096"},
  {"category": "Frossen fisk og sj\u00f8mat", "category_list": ["Alle varer", "Fisk og sj\u00f8mat", "Frossen fisk og sj\u00f8mat"], "title": "Torskeporsjoner", "price": 76.9, "product_variant": "800 g", "quantity_info": [[800.0, "g"]], "image_url": "/media/uploads/public/238/179/966979-f6563-product_list.jpg", "unit_price_raw": "kr 96,13 per kg", "product_url": "https://kolonial.no/produkter/4135-godehav-torskeporsjoner-800g/", "kolonial_id": "4135"},
  {"category": "Baketilbeh\u00f8r", "category_list": ["Alle varer", "Mel og bakeingredienser", "Baketilbeh\u00f8r"], "title": "Kakepynt Neon", "price": 45.9, "product_variant": "4 kammer, 100 g", "quantity_info": [[4.0, "kammer"], [100.0, "g"]], "image_url": "/media/uploads/public/210/12/134812-94785-product_list.jpg", "unit_price_raw": "kr 459,00 per kg", "product_url": "https://kolonial.no/produkter/23783-dr-oetker-kakepynt-neon-4-kammer/", "kolonial_id": "23783"},
  {"category": "Klesvask", "category_list": ["Alle varer", "T\u00f8rkepapir og vaskemidler", "Klesvask"], "title": "Powerlift Flekkfjerner", "price": 46.6, "product_variant": "350 ml", "quantity_info": [[350.0, "ml"]], "image_url": "/media/uploads/public/161/39/155239-b5232-product_list.jpg", "unit_price_raw": "kr 133,14 per l", "product_url": "https://kolonial.no/produkter/25053-omo-powerlift-flekkfjerner/", "kolonial_id": "25053"},
  {"category": "Klesvask", "category_list": ["Alle varer", "T\u00f8rkepapir og vaskemidler", "Klesvask"], "title": "Flekkfjerner Forbehandler", "price": 62.1, "product_variant": "750 ml", "quantity_info": [[750.0, "ml"]], "image_url": "/media/uploads/public/0/187/79387-971bf-product_list.jpg", "unit_price_raw": "kr 82,80 per l", "product_url": "https://kolonial.no/produkter/19669-vanish-flekkfjerner-forbehandler/", "kolonial_id": "19669"},
  {"category": "Fersk fisk", "category_list": ["Alle varer", "Fisk og sj\u00f8mat", "Fersk fisk"], "title": "SALMA Taco", "price": 129.0, "product_variant": "Salma, \n                            \n\n                            Med Fersk Tacosaus, 400 g", "quantity_info": [[400.0, "g"]], "image_url": "/media/uploads/public/12/13/983213-aa5cb-product_list_large.jpg", "unit_price_raw": "kr 322,50 per kg", "product_url": "https://kolonial.no/produkter/27924-salma-salma-taco-med-fersk-tacosaus/", "kolonial_id": "27924"},
  {"category": "Oljer og dressinger", "category_list": ["Alle varer", "Olje og krydder", "Oljer og dressinger"], "title": "Saitaku riseddik", "price": 26.7, "product_variant": "150 ml", "quantity_info": [[150.0, "ml"]], "image_url": "/media/uploads/public/0/71/13271-751c9-product_list.jpg", "unit_price_raw": "kr 178,00 per l", "product_url": "https://kolonial.no/produkter/9923-saitaku-saitaku-riseddik-150ml/", "kolonial_id": "9923"},
  {"category": "Ferdigmikser", "category_list": ["Alle varer", "Mel og bakeingredienser", "Ferdigmikser"], "title": "Fiberbr\u00f8d", "price": 56.3, "product_variant": "Glutenfri, 250 g", "quantity_info": [[250.0, "g"]], "image_url": "/media/uploads/public/78/36/1000836-7ac25-product_list.jpg", "unit_price_raw": "kr 225,20 per kg", "product_url": "https://kolonial.no/produkter/21826-sukrin-fiberbrod-glutenfri/", "kolonial_id": "21826"},
  {"category": "Tyggis og pastiller", "category_list": ["Alle varer", "Snacks og godteri", "Tyggis og pastiller"], "title": "Hubba Bubba Original", "price": 16.3, "product_variant": "35 g", "quantity_info": [[35.0, "g"]], "image_url": "/media/uploads/public/237/166/965766-8dfa1-product_list.jpg", "unit_price_raw": "kr 465,71 per kg", "product_url": "https://kolonial.no/produkter/14581-nidar-hubba-bubba-original/", "kolonial_id": "14581"},
  {"category": "Frokostblandinger og gryn", "category_list": ["Alle varer", "Br\u00f8d og frokostblandinger", "Frokostblandinger og gryn"], "title": "Havrekli", "price": 39.0, "product_variant": "950 g", "quantity_info": [[950.0, "g"]], "image_url": "/media/uploads/public/229/189/971389-b0ccb-product_list.jpg", "unit_price_raw": "kr 41,05 per kg", "product_url": "https://kolonial.no/produkter/23339-mollerens-havrekli/", "kolonial_id": "23339"},
  {"category": "Supper", "category_list": ["Alle varer", "Middager og tilbeh\u00f8r", "Supper"], "title": "Sodd", "price": 38.6, "product_variant": "0,84 kg", "quantity_info": [[0.84, "kg"]], "image_url": "/media/uploads/public/226/156/965356-3732a-product_list.jpg", "unit_price_raw": "kr 45,95 per kg", "product_url": "https://kolonial.no/produkter/6499-trondhjems-sodd-850g/", "kolonial_id": "6499"},
  {"category": "Knekkebr\u00f8d", "category_list": ["Alle varer", "Br\u00f8d og frokostblandinger", "Knekkebr\u00f8d"], "title": "Delikatess Sesam", "price": 20.1, "product_variant": "285 g", "quantity_info": [[285.0, "g"]], "image_url": "/media/uploads/public/347/160/964960-746ac-product_list.jpg", "unit_price_raw": "kr 70,53 per kg", "product_url": "https://kolonial.no/produkter/1156-wasa-delikatess-sesam-285g/", "kolonial_id": "1156"},
  {"category": "Langtidsholdbare br\u00f8d", "category_list": ["Alle varer", "Br\u00f8d og frokostblandinger", "Langtidsholdbare br\u00f8d"], "title": "Baguetter Fine", "price": 10.2, "product_variant": "300 g", "quantity_info": [[300.0, "g"]], "image_url": "/media/uploads/public/92/398/973998-63cad-product_list.jpg", "unit_price_raw": "kr 34,00 per kg", "product_url": "https://kolonial.no/produkter/16317-rema-1000-baguetter-fine/", "kolonial_id": "16317"},
  {"category": "Pasta og nudler", "category_list": ["Alle varer", "Middager og tilbeh\u00f8r", "Pasta og nudler"], "title": "Speltskruer", "price": 46.0, "product_variant": "\u00d8kologisk, 500 g", "quantity_info": [[500.0, "g"]], "image_url": "/media/uploads/public/0/111/83311-f78c7-product_list.jpg", "unit_price_raw": "kr 92,00 per kg", "product_url": "https://kolonial.no/produkter/20356-helios-speltskruer-okologisk/", "kolonial_id": "20356"},
  {"category": "Hermetisert frukt og gr\u00f8nt", "category_list": ["Alle varer", "Frukt og gr\u00f8nt", "Hermetisert frukt og gr\u00f8nt"], "title": "B\u00f8nner I Tomatsaus", "price": 10.8, "product_variant": "420 g", "quantity_info": [[420.0, "g"]], "image_url": "/media/uploads/public/154/129/966129-c237a-product_list.jpg", "unit_price_raw": "kr 25,71 per kg", "product_url": "https://kolonial.no/produkter/8602-rema-1000-bonner-i-tomatsaus-420g/", "kolonial_id": "8602"},
  {"category": "Ferdigsauser", "category_list": ["Alle varer", "Middager og tilbeh\u00f8r", "Ferdigsauser"], "title": "Gr\u00f8nn Pesto", "price": 15.2, "product_variant": "190 g", "quantity_info": [[190.0, "g"]], "image_url": "/media/uploads/public/250/375/967975-a6258-product_list.jpg", "unit_price_raw": "kr 80,00 per kg", "product_url": "https://kolonial.no/produkter/8620-rema-1000-gronn-pesto-190g/", "kolonial_id": "8620"},
  {"category": "P\u00f8lser", "category_list": ["Alle varer", "Kj\u00f8tt og kylling", "P\u00f8lser"], "title": "Grillp\u00f8lse", "price": 52.5, "product_variant": "Go og Mager, 600 g", "quantity_info": [[600.0, "g"]], "image_url": "/media/uploads/public/8/106/972106-8e9e6-product_list.jpg", "unit_price_raw": "kr 87,50 per kg", "product_url": "https://kolonial.no/produkter/23267-gilde-grillpolse-go-og-mager/", "kolonial_id": "23267"},
  {"category": "Kontor", "category_list": ["Alle varer", "Husholdning og tekstil", "Kontor"], "title": "Kalkulator", "price": 39.1, "product_variant": "1 stk", "quantity_info": [[1.0, "stk"]], "image_url": "/media/uploads/public/16/246/146246-fb0ea-product_list.jpg", "unit_price_raw": "kr 39,10 per stk", "product_url": "https://kolonial.no/produkter/24470-kalkulator/", "kolonial_id": "24470"},
  {"category": "Kj\u00f8ttboller og karbonader", "category_list": ["Alle varer", "Kj\u00f8tt og kylling", "Kj\u00f8ttboller og karbonader"], "title": "Veganske Soya Nuggets", "price": 53.5, "product_variant": "300 g", "quantity_info": [[300.0, "g"]], "image_url": "/media/uploads/public/399/24/155224-c2a54-product_list.jpg", "unit_price_raw": "kr 178,33 per kg", "product_url": "https://kolonial.no/produkter/25035-halsans-kok-veganske-soya-nuggets/", "kolonial_id": "25035"},
  {"category": "Gr\u00f8nnsaker", "category_list": ["Alle varer", "Frukt og gr\u00f8nt", "Gr\u00f8nnsaker"], "title": "Hodek\u00e5l", "price": 21.9, "product_variant": "Spania/ Italia, 1 stk", "quantity_info": [[1.0, "stk"]], "image_url": "/media/uploads/public/0/158/110158-90e2c-product_list.jpg", "unit_price_raw": "kr 14,60 per kg", "product_url": "https://kolonial.no/produkter/22828-hodekal-norge/", "kolonial_id": "22828"},
  {"category": "Frukt", "category_list": ["Alle varer", "Frukt og gr\u00f8nt", "Frukt"], "title": "R\u00f8de/Bl\u00e5 Plommer", "price": 34.9, "product_variant": "I kurv, Italia, 500 g", "quantity_info": [[500.0, "g"]], "image_url": "/media/uploads/public/326/233/641433-3a7cf-product_list.jpg", "unit_price_raw": "kr 69,80 per kg", "product_url": "https://kolonial.no/produkter/23092-rode-plommer-i-kurv-italia/", "kolonial_id": "23092"},
  {"category": "Middags-kit og gryteretter", "category_list": ["Alle varer", "Middager og tilbeh\u00f8r", "Middags-kit og gryteretter"], "title": "Toro Meksikansk Gryte", "price": 33.6, "product_variant": "Glutenfri, 183 g", "quantity_info": [[183.0, "g"]], "image_url": "/media/uploads/public/151/140/972940-c67c4-product_list.jpg", "unit_price_raw": "kr 183,61 per kg", "product_url": "https://kolonial.no/produkter/26829-toro-toro-meksikansk-gryte-glutenfri/", "kolonial_id": "26829"},
  {"category": "Middags-kit og gryteretter", "category_list": ["Alle varer", "Middager og tilbeh\u00f8r", "Middags-kit og gryteretter"], "title": "Toro Pannekaker", "price": 30.9, "product_variant": "Glutenfri, 187 g", "quantity_info": [[187.0, "g"]], "image_url": "/media/uploads/public/392/55/972855-988f8-product_list.jpg", "unit_price_raw": "kr 165,24 per kg", "product_url": "https://kolonial.no/produkter/26827-toro-toro-pannekaker-glutenfri/", "kolonial_id": "26827"},
  {"category": "Middagstilbeh\u00f8r", "category_list": ["Alle varer", "Middager og tilbeh\u00f8r", "Middagstilbeh\u00f8r"], "title": "Fl\u00f8tepoteter", "price": 30.9, "product_variant": "Norge, 400 g", "quantity_info": [[400.0, "g"]], "image_url": "/media/uploads/public/170/127/613327-70962-product_list.jpg", "unit_price_raw": "kr 77,25 per kg", "product_url": "https://kolonial.no/produkter/26472-flotepotet-ferdigkokt-norge/", "kolonial_id": "26472"},
  {"category": "N\u00f8tter", "category_list": ["Alle varer", "Snacks og godteri", "N\u00f8tter"], "title": "Turmix M/Sjokolade", "price": 10.0, "product_variant": "50 g", "quantity_info": [[50.0, "g"]], "image_url": "/media/uploads/public/121/65/1012865-8153d-product_list.jpg", "unit_price_raw": "kr 200,00 per kg", "product_url": "https://kolonial.no/produkter/28097-rema-1000-turmix-m-sjokolade-50g-005-kg/", "kolonial_id": "28097"},
  {"category": "Kylling, kalkun og and", "category_list": ["Alle varer", "Kj\u00f8tt og kylling", "Kylling, kalkun og and"], "title": "Grillede Kyllingl\u00e5rklubber", "price": 55.9, "product_variant": "800 g", "quantity_info": [[800.0, "g"]], "image_url": "/media/uploads/public/236/355/1001555-ebe6f-product_list.jpg", "unit_price_raw": "kr 69,88 per kg", "product_url": "https://kolonial.no/produkter/27988-ytteroy-kylling-grillede-kyllinglarklubber/", "kolonial_id": "27988"},
  {"category": "Kylling, kalkun og and", "category_list": ["Alle varer", "Kj\u00f8tt og kylling", "Kylling, kalkun og and"], "title": "Kyllingfilet", "price": 124.9, "product_variant": "750 g", "quantity_info": [[750.0, "g"]], "image_url": "/media/uploads/public/124/344/973944-80e87-product_list.jpg", "unit_price_raw": "kr 166,53 per kg", "product_url": "https://kolonial.no/produkter/27861-den-stolte-hane-kyllingfilet/", "kolonial_id": "27861"},
  {"category": "Middagsglass", "category_list": ["Alle varer", "Barneprodukter", "Middagsglass"], "title": "Organix Gulrot, Mais & Squash", "price": 19.6, "product_variant": "Fra 6 mnd, 120 g", "quantity_info": [[6.0, "mnd"], [120.0, "g"]], "image_url": "/media/uploads/public/275/179/972579-70454-product_list.jpg", "unit_price_raw": "kr 163,33 per kg", "product_url": "https://kolonial.no/produkter/26740-semper-organix-gulrot-mais-squash-fra-6-mnd/", "kolonial_id": "26740"},
  {"category": "Snus", "category_list": ["Alle varer", "Snus og tobakk", "Snus"], "title": "Skruf Slim White #2", "price": 92.9, "product_variant": "Original Snus, 24 g", "quantity_info": [[24.0, "g"]], "image_url": "https://kolonial.no/static/products/img/placeholder.bffcea8d3530.png", "unit_price_raw": "kr 3870,83 per kg", "product_url": "https://kolonial.no/produkter/16032-skruf-skruf-slim-white-2-original-snus/", "kolonial_id": "16032"},
  {"category": "Snus", "category_list": ["Alle varer", "Snus og tobakk", "Snus"], "title": "General G3 No4 Strong", "price": 92.9, "product_variant": "22 g", "quantity_info": [[22.0, "g"]], "image_url": "https://kolonial.no/static/products/img/placeholder.bffcea8d3530.png", "unit_price_raw": "kr 4222,73 per kg", "product_url": "https://kolonial.no/produkter/16086-g3-general-g3-no4-strong/", "kolonial_id": "16086"},
  {"category": "Sigaretter", "category_list": ["Alle varer", "Snus og tobakk", "Sigaretter"], "title": "Benson & Hedges Gold", "price": 103.9, "product_variant": "20 stk", "quantity_info": [[20.0, "stk"]], "image_url": "https://kolonial.no/static/products/img/placeholder.bffcea8d3530.png", "unit_price_raw": "kr 5,20 per stk", "product_url": "https://kolonial.no/produkter/24335-benson-hedges-gold/", "kolonial_id": "24335"},
  {"category": "Majones og tubep\u00e5legg", "category_list": ["Alle varer", "P\u00e5legg", "Majones og tubep\u00e5legg"], "title": "Majones", "price": 33.8, "product_variant": "\u00d8kologisk, 160 g", "quantity_info": [[160.0, "g"]], "image_url": "/media/uploads/public/320/174/692574-7875c-product_list.jpg", "unit_price_raw": "kr 211,25 per kg", "product_url": "https://kolonial.no/produkter/27321-mills-majones-okologisk/", "kolonial_id": "27321"},
  {"category": "Syltet\u00f8y", "category_list": ["Alle varer", "P\u00e5legg", "Syltet\u00f8y"], "title": "Aprikossyltet\u00f8y Hjemmelaget", "price": 37.8, "product_variant": "400 g", "quantity_info": [[400.0, "g"]], "image_url": "/media/uploads/public/64/60/155260-34613-product_list.jpg", "unit_price_raw": "kr 94,50 per kg", "product_url": "https://kolonial.no/produkter/25075-nora-aprikossyltetoy-hjemmelaget/", "kolonial_id": "25075"},
  {"category": "Syltet\u00f8y", "category_list": ["Alle varer", "P\u00e5legg", "Syltet\u00f8y"], "title": "Kirseb\u00e6rsyltet\u00f8y med Bitrt Hjemmelaget", "price": 37.8, "product_variant": "400 g", "quantity_info": [[400.0, "g"]], "image_url": "/media/uploads/public/142/57/155257-6d2e4-product_list.jpg", "unit_price_raw": "kr 94,50 per kg", "product_url": "https://kolonial.no/produkter/25072-nora-kirsebaersyltetoy-med-bitrt-hjemmelaget/", "kolonial_id": "25072"},
  {"category": "Fiskep\u00e5legg", "category_list": ["Alle varer", "P\u00e5legg", "Fiskep\u00e5legg"], "title": "Sardiner I Olje", "price": 13.3, "product_variant": "105 g", "quantity_info": [[105.0, "g"]], "image_url": "/media/uploads/public/326/169/971769-1a5c4-product_list.jpg", "unit_price_raw": "kr 126,67 per kg", "product_url": "https://kolonial.no/produkter/8546-rema-1000-sardiner-i-olje-105g/", "kolonial_id": "8546"},
  {"category": "Spekemat og salami", "category_list": ["Alle varer", "P\u00e5legg", "Spekemat og salami"], "title": "Salami", "price": 29.9, "product_variant": "Halal, 100 g", "quantity_info": [[100.0, "g"]], "image_url": "/media/uploads/public/248/229/973829-180d6-product_list.jpg", "unit_price_raw": "kr 299,00 per kg", "product_url": "https://kolonial.no/produkter/27649-salami-halal/", "kolonial_id": "27649"},
  {"category": "Kattemat", "category_list": ["Alle varer", "Dyremat", "Kattemat"], "title": "Kattemat Sensitiv Kalkun", "price": 68.4, "product_variant": "750 g", "quantity_info": [[750.0, "g"]], "image_url": "/media/uploads/public/349/74/158074-ad519-product_list.jpg", "unit_price_raw": "kr 91,20 per kg", "product_url": "https://kolonial.no/produkter/25241-perfect-fit-kattemat-sensitiv-kalkun/", "kolonial_id": "25241"},
  {"category": "Kattemat", "category_list": ["Alle varer", "Dyremat", "Kattemat"], "title": "Purina One", "price": 59.4, "product_variant": "Laks, 800 g", "quantity_info": [[800.0, "g"]], "image_url": "/media/uploads/public/37/100/1010900-29ca2-product_list.jpg", "unit_price_raw": "kr 74,25 per kg", "product_url": "https://kolonial.no/produkter/12463-nestle-purina-one-laks-800g/", "kolonial_id": "12463"},
  {"category": "Fl\u00f8te og r\u00f8mmeprodukter", "category_list": ["Alle varer", "Melk, meieriprodukter og egg", "Fl\u00f8te og r\u00f8mmeprodukter"], "title": "Matfl\u00f8te", "price": 26.1, "product_variant": "Laktosefri, 0,3 l", "quantity_info": [[0.3, "l"]], "image_url": "/media/uploads/public/0/322/19522-e35e1-product_list.jpg", "unit_price_raw": "kr 87,00 per l", "product_url": "https://kolonial.no/produkter/12106-tine-laktosefri-matflote-3-dl/", "kolonial_id": "12106"},
  {"category": "Yoghurt", "category_list": ["Alle varer", "Melk, meieriprodukter og egg", "Yoghurt"], "title": "Go' Morgen", "price": 16.8, "product_variant": "Vaniljeyoghurt med n\u00f8ttemix, 195 g", "quantity_info": [[195.0, "g"]], "image_url": "/media/uploads/public/266/0/968400-f56b6-product_list.jpg", "unit_price_raw": "kr 86,15 per kg", "product_url": "https://kolonial.no/produkter/440-tine-go-morgen-vaniljeyoghurt-med-nottemix-195g/", "kolonial_id": "440"},
  {"category": "Sm\u00f8r og margarin", "category_list": ["Alle varer", "Melk, meieriprodukter og egg", "Sm\u00f8r og margarin"], "title": "Soft Flora Margarin", "price": 29.7, "product_variant": "500 g", "quantity_info": [[500.0, "g"]], "image_url": "/media/uploads/public/298/70/972070-92e8d-product_list.jpg", "unit_price_raw": "kr 59,40 per kg", "product_url": "https://kolonial.no/produkter/5116-soft-flora-soft-flora-margarin-500g/", "kolonial_id": "5116"},
  {"category": "Te", "category_list": ["Alle varer", "Drikkevarer", "Te"], "title": "Gr\u00f8nn te Mint", "price": 60.9, "product_variant": "25 stk", "quantity_info": [[25.0, "stk"]], "image_url": "/media/uploads/public/302/48/517648-1462f-product_list.jpg", "unit_price_raw": "kr 2,44 per stk", "product_url": "https://kolonial.no/produkter/26345-kericho-gold-gronn-te-mint/", "kolonial_id": "26345"},
  {"category": "Te", "category_list": ["Alle varer", "Drikkevarer", "Te"], "title": "Gr\u00f8nn te Sitron", "price": 60.9, "product_variant": "25 stk", "quantity_info": [[25.0, "stk"]], "image_url": "/media/uploads/public/247/50/517650-e6c8f-product_list.jpg", "unit_price_raw": "kr 2,44 per stk", "product_url": "https://kolonial.no/produkter/26347-kericho-gold-gronn-te-sitron/", "kolonial_id": "26347"},
  {"category": "Kaffe", "category_list": ["Alle varer", "Drikkevarer", "Kaffe"], "title": "Sjokoladekaffe", "price": 41.7, "product_variant": "Filtermalt, 125 g", "quantity_info": [[125.0, "g"]], "image_url": "/media/uploads/public/0/35/965635-3f330-product_list.jpg", "unit_price_raw": "kr 333,60 per kg", "product_url": "https://kolonial.no/produkter/14170-friele-sjokoladekaffe-filtermalt-125g/", "kolonial_id": "14170"},
  {"category": "Kaffe", "category_list": ["Alle varer", "Drikkevarer", "Kaffe"], "title": "Dolce Gusto Espresso Intant", "price": 58.4, "product_variant": "16 kapsler, 16 stk", "quantity_info": [[16.0, "kapsler"], [16.0, "stk"]], "image_url": "/media/uploads/public/212/303/618303-6d03b-product_list.jpg", "unit_price_raw": "kr 3,65 per stk", "product_url": "https://kolonial.no/produkter/26564-dolce-gusto-dolce-gusto-espresso-intant-16-kapsler/", "kolonial_id": "26564"},
  {"category": "Saft", "category_list": ["Alle varer", "Drikkevarer", "Saft"], "title": "Appelsin", "price": 31.3, "product_variant": "3 stk, 0,75 l", "quantity_info": [[3.0, "stk"], [0.75, "l"]], "image_url": "/media/uploads/public/318/154/968954-6d7b1-product_list.jpg", "unit_price_raw": "kr 41,73 per l", "product_url": "https://kolonial.no/produkter/17104-rema-1000-appelsin-3-stk/", "kolonial_id": "17104"},
  {"category": "Juice", "category_list": ["Alle varer", "Drikkevarer", "Juice"], "title": "Flu Shot", "price": 20.9, "product_variant": "Appelsin, Gurkemeie, Ingef\u00e6r, Cayenne & Sitron, 80 ml", "quantity_info": [[80.0, "ml"]], "image_url": "/media/uploads/public/148/190/973390-501ed-product_list.jpg", "unit_price_raw": "kr 261,25 per l", "product_url": "https://kolonial.no/produkter/27339-juiceriet-flu-shot-appelsin-gurkemeie-ingefaer-cay/", "kolonial_id": "27339"},
  {"category": "Vann og mineralvann", "category_list": ["Alle varer", "Drikkevarer", "Vann og mineralvann"], "title": "Taffel Stillvann", "price": 13.2, "product_variant": "u/kullsyre, 0,45 l", "quantity_info": [[0.45, "l"]], "image_url": "/media/uploads/public/299/69/970869-82379-product_list.jpg", "unit_price_raw": "kr 29,33 per l", "product_url": "https://kolonial.no/produkter/23167-taffel-stillvann-0-45-l-0-45-l/", "kolonial_id": "23167"},
  {"category": "Bleier", "category_list": ["Alle varer", "Barneprodukter", "Bleier"], "title": "Libero Swimpants Medium", "price": 30.9, "product_variant": "Fra 10-16 kg, 6 stk", "quantity_info": [[10.0, ""], [16.0, "kg"], [6.0, "stk"]], "image_url": "/media/uploads/public/326/45/974045-e6ed3-product_list.jpg", "unit_price_raw": "kr 5,15 per stk", "product_url": "https://kolonial.no/produkter/25077-libero-libero-swimpants-medium-fra-10-16-kg/", "kolonial_id": "25077"},
  {"category": "Bleier", "category_list": ["Alle varer", "Barneprodukter", "Bleier"], "title": "Libero Swimpants Small", "price": 27.3, "product_variant": "Fra 7-12 kg, 6 stk", "quantity_info": [[7.0, ""], [12.0, "kg"], [6.0, "stk"]], "image_url": "/media/uploads/public/211/72/972072-78019-product_list.jpg", "unit_price_raw": "kr 4,55 per stk", "product_url": "https://kolonial.no/produkter/25076-libero-libero-swimpants-small-fra-7-12-kg/", "kolonial_id": "25076"},
  {"category": "Brus", "category_list": ["Alle varer", "Drikkevarer", "Brus"], "title": "Siesta", "price": 22.9, "product_variant": "1,5 l", "quantity_info": [[1.5, "l"]], "image_url": "/media/uploads/public/172/366/973966-53fc0-product_list.jpg", "unit_price_raw": "kr 15,27 per l", "product_url": "https://kolonial.no/produkter/6868-siesta-1-5-l-grans/", "kolonial_id": "6868"},
  {"category": "Hundemat", "category_list": ["Alle varer", "Dyremat", "Hundemat"], "title": "Okse & Lever", "price": 30.1, "product_variant": "300 g", "quantity_info": [[300.0, "g"]], "image_url": "/media/uploads/public/376/301/965901-5b84e-product_list.jpg", "unit_price_raw": "kr 100,33 per kg", "product_url": "https://kolonial.no/produkter/13879-pedigree-okse-lever/", "kolonial_id": "13879"},
  {"category": "Taco", "category_list": ["Alle varer", "Pizza og taco", "Taco"], "title": "Salsasaus Chunky", "price": 17.8, "product_variant": "Mild, 315 g", "quantity_info": [[315.0, "g"]], "image_url": "/media/uploads/public/21/241/967441-58285-product_list.jpg", "unit_price_raw": "kr 56,51 per kg", "product_url": "https://kolonial.no/produkter/8626-rema-1000-salsasaus-chunky-mild-320g/", "kolonial_id": "8626"},
  {"category": "Melk", "category_list": ["Alle varer", "Melk, meieriprodukter og egg", "Melk"], "title": "Kulturmj\u00f8lk", "price": 21.1, "product_variant": "1 l", "quantity_info": [[1.0, "l"]], "image_url": "/media/uploads/public/261/154/142154-9c83e-product_list.jpg", "unit_price_raw": "kr 21,10 per l", "product_url": "https://kolonial.no/produkter/2515-tine-kulturmjolk-1l/", "kolonial_id": "2515"},
  {"category": "Krydder", "category_list": ["Alle varer", "Olje og krydder", "Krydder"], "title": "Chilikrydder", "price": 43.0, "product_variant": "75 g", "quantity_info": [[75.0, "g"]], "image_url": "/media/uploads/public/119/368/965568-6af65-product_list.jpg", "unit_price_raw": "kr 573,33 per kg", "product_url": "https://kolonial.no/produkter/6244-toro-chilikrydder-75g/", "kolonial_id": "6244"},
  {"category": "Helsekost", "category_list": ["Alle varer", "Legemidler og helsekost", "Helsekost"], "title": "K2 Vitamin", "price": 89.5, "product_variant": "30 stk", "quantity_info": [[30.0, "stk"]], "image_url": "/media/uploads/public/201/329/973529-5c0ff-product_list.jpg", "unit_price_raw": "kr 2,98 per stk", "product_url": "https://kolonial.no/produkter/27467-collett-k2-vitamin/", "kolonial_id": "27467"},
  {"category": "Bind og tamponger", "category_list": ["Alle varer", "Hygieneartikler", "Bind og tamponger"], "title": "Tamponger med Innf\u00f8ringshylse Superplus, Ikke Klorbleket", "price": 47.3, "product_variant": "\u00d8kologisk, 14 stk", "quantity_info": [[14.0, "stk"]], "image_url": "/media/uploads/public/324/126/128126-6435a-product_list.jpg", "unit_price_raw": "kr 3,38 per stk", "product_url": "https://kolonial.no/produkter/23450-masmi-tamponger-med-innforingshylse-superplus-ikke/", "kolonial_id": "23450"},
  {"category": "Bind og tamponger", "category_list": ["Alle varer", "Hygieneartikler", "Bind og tamponger"], "title": "Pro Comfort", "price": 29.9, "product_variant": "Normal 16stk, 16 stk", "quantity_info": [[16.0, "stk"], [16.0, "stk"]], "image_url": "/media/uploads/public/39/284/1007884-27d4f-product_list.jpg", "unit_price_raw": "kr 1,87 per stk", "product_url": "https://kolonial.no/produkter/398-ob-procomfort-normal-16st/", "kolonial_id": "398"},
  {"category": "Shampo og h\u00e5rprodukter", "category_list": ["Alle varer", "Shampo, s\u00e5pe og krem", "Shampo og h\u00e5rprodukter"], "title": "Balsam Volumising", "price": 52.4, "product_variant": "250 ml", "quantity_info": [[250.0, "ml"]], "image_url": "/media/uploads/public/191/69/145269-4b2a4-product_list.jpg", "unit_price_raw": "kr 209,60 per l", "product_url": "https://kolonial.no/produkter/24406-fab-hair-balsam-volumising/", "kolonial_id": "24406"},
  {"category": "Shampo og h\u00e5rprodukter", "category_list": ["Alle varer", "Shampo, s\u00e5pe og krem", "Shampo og h\u00e5rprodukter"], "title": "Shampo Anti Frizz", "price": 52.4, "product_variant": "250 ml", "quantity_info": [[250.0, "ml"]], "image_url": "/media/uploads/public/89/72/145272-11fa6-product_list.jpg", "unit_price_raw": "kr 209,60 per l", "product_url": "https://kolonial.no/produkter/24409-fab-hair-shampo-anti-frizz/", "kolonial_id": "24409"},
  {"category": "Krem", "category_list": ["Alle varer", "Shampo, s\u00e5pe og krem", "Krem"], "title": "Urban Skin Day Care Ansiktskrem", "price": 93.8, "product_variant": "50 ml", "quantity_info": [[50.0, "ml"]], "image_url": "/media/uploads/public/11/259/973459-c1886-product_list.jpg", "unit_price_raw": "kr 1876,00 per l", "product_url": "https://kolonial.no/produkter/27328-nivea-urban-skin-day-care-ansiktskrem/", "kolonial_id": "27328"},
  {"category": "Gulost", "category_list": ["Alle varer", "Oster", "Gulost"], "title": "Skivet Gr\u00e4ddost", "price": 26.6, "product_variant": "125 g", "quantity_info": [[125.0, "g"]], "image_url": "/media/uploads/public/52/319/966719-73a2f-product_list.jpg", "unit_price_raw": "kr 212,80 per kg", "product_url": "https://kolonial.no/produkter/4507-arla-skivet-graddost/", "kolonial_id": "4507"},
  {"category": "Fryst pizza", "category_list": ["Alle varer", "Pizza og taco", "Fryst pizza"], "title": "Ristorante Mozzarella", "price": 72.9, "product_variant": "2pk, 670 g", "quantity_info": [[2.0, "pk"], [670.0, "g"]], "image_url": "/media/uploads/public/272/39/966839-25a10-product_list.jpg", "unit_price_raw": "kr 108,81 per kg", "product_url": "https://kolonial.no/produkter/4285-dr-oetker-ristorante-mozzarella-2pk/", "kolonial_id": "4285"},
  {"category": "Tannpleie", "category_list": ["Alle varer", "Hygieneartikler", "Tannpleie"], "title": "Frisk Pust", "price": 36.8, "product_variant": "75 ml", "quantity_info": [[75.0, "ml"]], "image_url": "/media/uploads/public/121/67/964867-52024-product_list.jpg", "unit_price_raw": "kr 490,67 per l", "product_url": "https://kolonial.no/produkter/1184-solidox-frisk-pust-75ml/", "kolonial_id": "1184"},
  {"category": "Tannpleie", "category_list": ["Alle varer", "Hygieneartikler", "Tannpleie"], "title": "Solidox Sterke Tenner", "price": 37.7, "product_variant": "75 ml", "quantity_info": [[75.0, "ml"]], "image_url": "/media/uploads/public/351/248/973448-12670-product_list.jpg", "unit_price_raw": "kr 502,67 per l", "product_url": "https://kolonial.no/produkter/14419-solidox-solidox-sterke-tenner/", "kolonial_id": "14419"},
  {"category": "Frossen fisk og sj\u00f8mat", "category_list": ["Alle varer", "Fisk og sj\u00f8mat", "Frossen fisk og sj\u00f8mat"], "title": "Sei Blokk", "price": 25.9, "product_variant": "400 g", "quantity_info": [[400.0, "g"]], "image_url": "/media/uploads/public/297/15/154815-cc1ef-product_list.jpg", "unit_price_raw": "kr 64,75 per kg", "product_url": "https://kolonial.no/produkter/23089-norway-seafoods-sei-blokk/", "kolonial_id": "23089"},
  {"category": "Baketilbeh\u00f8r", "category_list": ["Alle varer", "Mel og bakeingredienser", "Baketilbeh\u00f8r"], "title": "Kakepynt Black & Gold", "price": 45.0, "product_variant": "4 kammer, 83 g", "quantity_info": [[4.0, "kammer"], [83.0, "g"]], "image_url": "/media/uploads/public/315/10/134810-34f22-product_list.jpg", "unit_price_raw": "kr 542,17 per kg", "product_url": "https://kolonial.no/produkter/23781-dr-oetker-kakepynt-black-gold-4-kammer/", "kolonial_id": "23781"},
  {"category": "Klesvask", "category_list": ["Alle varer", "T\u00f8rkepapir og vaskemidler", "Klesvask"], "title": "Vanish Gold Oxi Action", "price": 55.5, "product_variant": "470 g", "quantity_info": [[470.0, "g"]], "image_url": "/media/uploads/public/0/245/76645-35a1c-product_list.jpg", "unit_price_raw": "kr 118,09 per kg", "product_url": "https://kolonial.no/produkter/19351-vanish-vanish-pulver-gold-rosa/", "kolonial_id": "19351"},
  {"category": "Klesvask", "category_list": ["Alle varer", "T\u00f8rkepapir og vaskemidler", "Klesvask"], "title": "Pulver Gold Hvit", "price": 59.5, "product_variant": "470 g", "quantity_info": [[470.0, "g"]], "image_url": "/media/uploads/public/104/162/186162-16b6f-product_list.jpg", "unit_price_raw": "kr 126,60 per kg", "product_url": "https://kolonial.no/produkter/19297-vanish-pulver-gold-hvit/", "kolonial_id": "19297"},
  {"category": "Oljer og dressinger", "category_list": ["Alle varer", "Olje og krydder", "Oljer og dressinger"], "title": "Rich Hoisin Sauce", "price": 39.0, "product_variant": "190 ml", "quantity_info": [[190.0, "ml"]], "image_url": "/media/uploads/public/328/87/964487-18496-product_list.jpg", "unit_price_raw": "kr 205,26 per l", "product_url": "https://kolonial.no/produkter/7426-blue-dragon-rich-hoisin-sauce-019l/", "kolonial_id": "7426"},
  {"category": "Oljer og dressinger", "category_list": ["Alle varer", "Olje og krydder", "Oljer og dressinger"], "title": "Sushi Soyasaus", "price": 40.1, "product_variant": "150 ml", "quantity_info": [[150.0, "ml"]], "image_url": "/media/uploads/public/0/77/13277-dccf7-product_list.jpg", "unit_price_raw": "kr 267,33 per l", "product_url": "https://kolonial.no/produkter/9917-saitaku-sushi-soyasaus-150ml/", "kolonial_id": "9917"},
  {"category": "Ferdigmikser", "category_list": ["Alle varer", "Mel og bakeingredienser", "Ferdigmikser"], "title": "Bl\u00f8tkake Bakemiks", "price": 44.5, "product_variant": "357 g", "quantity_info": [[357.0, "g"]], "image_url": "/media/uploads/public/254/161/370161-1bb19-product_list.jpg", "unit_price_raw": "kr 124,65 per kg", "product_url": "https://kolonial.no/produkter/25866-toro-blotkake-bakemiks/", "kolonial_id": "25866"},
  {"category": "Tyggis og pastiller", "category_list": ["Alle varer", "Snacks og godteri", "Tyggis og pastiller"], "title": "Stimorol Max Spearmint", "price": 16.9, "product_variant": "22 g", "quantity_info": [[22.0, "g"]], "image_url": "/media/uploads/public/119/116/188116-445b1-product_list.jpg", "unit_price_raw": "kr 768,18 per kg", "product_url": "https://kolonial.no/produkter/25354-stimorol-stimorol-max-spearmint/", "kolonial_id": "25354"},
  {"category": "Frokostblandinger og gryn", "category_list": ["Alle varer", "Br\u00f8d og frokostblandinger", "Frokostblandinger og gryn"], "title": "Havregryn Lettkokte", "price": 26.1, "product_variant": "800 g", "quantity_info": [[800.0, "g"]], "image_url": "/media/uploads/public/376/247/968247-3ef20-product_list.jpg", "unit_price_raw": "kr 32,63 per kg", "product_url": "https://kolonial.no/produkter/15193-rema-1000-havregryn-lettkokte-800g/", "kolonial_id": "15193"},
  {"category": "Supper", "category_list": ["Alle varer", "Middager og tilbeh\u00f8r", "Supper"], "title": "Tomatsuppe Med Makaroni", "price": 19.4, "product_variant": "2pk, 246 g", "quantity_info": [[2.0, "pk"], [246.0, "g"]], "image_url": "/media/uploads/public/75/380/966380-628bb-product_list.jpg", "unit_price_raw": "kr 78,86 per kg", "product_url": "https://kolonial.no/produkter/8532-rema-1000-tomatsuppe-med-makaroni-2pk/", "kolonial_id": "8532"},
  {"category": "Knekkebr\u00f8d", "category_list": ["Alle varer", "Br\u00f8d og frokostblandinger", "Knekkebr\u00f8d"], "title": "Knekkebr\u00f8d Havre", "price": 17.3, "product_variant": "280 g", "quantity_info": [[280.0, "g"]], "image_url": "/media/uploads/public/255/115/970115-1b074-product_list.jpg", "unit_price_raw": "kr 61,79 per kg", "product_url": "https://kolonial.no/produkter/66-wasa-knekkebrod-havre-280g/", "kolonial_id": "66"},
  {"category": "Langtidsholdbare br\u00f8d", "category_list": ["Alle varer", "Br\u00f8d og frokostblandinger", "Langtidsholdbare br\u00f8d"], "title": "Baguetter Grove", "price": 12.8, "product_variant": "300 g", "quantity_info": [[300.0, "g"]], "image_url": "/media/uploads/public/92/381/972381-d4238-product_list.jpg", "unit_price_raw": "kr 42,67 per kg", "product_url": "https://kolonial.no/produkter/16314-rema-1000-baguetter-grove/", "kolonial_id": "16314"},
  {"category": "Langtidsholdbare br\u00f8d", "category_list": ["Alle varer", "Br\u00f8d og frokostblandinger", "Langtidsholdbare br\u00f8d"], "title": "Grovbr\u00f8d, Lettstekt", "price": 25.0, "product_variant": "750 g", "quantity_info": [[750.0, "g"]], "image_url": "/media/uploads/public/74/342/967942-3763a-product_list.jpg", "unit_price_raw": "kr 33,33 per kg", "product_url": "https://kolonial.no/produkter/13753-rema-1000-grovbrod-lettstekt-750g/", "kolonial_id": "13753"},
  {"category": "Pasta og nudler", "category_list": ["Alle varer", "Middager og tilbeh\u00f8r", "Pasta og nudler"], "title": "Tagliatelle", "price": 40.1, "product_variant": "500 g", "quantity_info": [[500.0, "g"]], "image_url": "/media/uploads/public/29/250/131050-d84cd-product_list.jpg", "unit_price_raw": "kr 80,20 per kg", "product_url": "https://kolonial.no/produkter/23570-rummo-tagliatelle/", "kolonial_id": "23570"},
  {"category": "Hermetisert frukt og gr\u00f8nt", "category_list": ["Alle varer", "Frukt og gr\u00f8nt", "Hermetisert frukt og gr\u00f8nt"], "title": "Hvitl\u00f8k i Chili", "price": 24.8, "product_variant": "280 g", "quantity_info": [[280.0, "g"]], "image_url": "/media/uploads/public/317/280/968680-afbb4-product_list.jpg", "unit_price_raw": "kr 88,57 per kg", "product_url": "https://kolonial.no/produkter/16347-rema-1000-hvitlok-i-chili/", "kolonial_id": "16347"},
  {"category": "Ferdige middagsretter", "category_list": ["Alle varer", "Middager og tilbeh\u00f8r", "Ferdige middagsretter"], "title": "Sunt & Godt kyllingbryst", "price": 79.5, "product_variant": "490 g", "quantity_info": [[490.0, "g"]], "image_url": "/media/uploads/public/0/108/94108-b5f61-product_list.jpg", "unit_price_raw": "kr 162,24 per kg", "product_url": "https://kolonial.no/produkter/21613-fjordland-sunt-godt-kyllingbryst/", "kolonial_id": "21613"},
  {"category": "Ferdige middagsretter", "category_list": ["Alle varer", "Middager og tilbeh\u00f8r", "Ferdige middagsretter"], "title": "Kokt Laks med Urtesaus, Gulrot & Poteter", "price": 83.3, "product_variant": "500 g", "quantity_info": [[500.0, "g"]], "image_url": "/media/uploads/public/310/129/138929-c33d6-product_list.jpg", "unit_price_raw": "kr 166,60 per kg", "product_url": "https://kolonial.no/produkter/13600-fjordland-kokt-laks-med-urtesaus-gulrot-poteter-50/", "kolonial_id": "13600"},
  {"category": "Ferdigsauser", "category_list": ["Alle varer", "Middager og tilbeh\u00f8r", "Ferdigsauser"], "title": "Gul Pesto", "price": 34.7, "product_variant": "130 g", "quantity_info": [[130.0, "g"]], "image_url": "/media/uploads/public/0/34/13634-25019-product_list.jpg", "unit_price_raw": "kr 266,92 per kg", "product_url": "https://kolonial.no/produkter/10001-helios-gul-pesto-130g/", "kolonial_id": "10001"},
  {"category": "P\u00f8lser", "category_list": ["Alle varer", "Kj\u00f8tt og kylling", "P\u00f8lser"], "title": "Grillp\u00f8lse Kylling", "price": 26.1, "product_variant": "500 g", "quantity_info": [[500.0, "g"]], "image_url": "/media/uploads/public/203/240/973840-b9e7a-product_list.jpg", "unit_price_raw": "kr 52,20 per kg", "product_url": "https://kolonial.no/produkter/27643-akeberg-skoglunn-kylling-grillpolse/", "kolonial_id": "27643"},
  {"category": "Kontor", "category_list": ["Alle varer", "Husholdning og tekstil", "Kontor"], "title": "Magnet Smilefjes", "price": 22.0, "product_variant": "6 stk", "quantity_info": [[6.0, "stk"]], "image_url": "/media/uploads/public/0/161/105361-605ef-product_list.jpg", "unit_price_raw": "kr 3,67 per stk", "product_url": "https://kolonial.no/produkter/22705-magnet-smilefjes/", "kolonial_id": "22705"},
  {"category": "Fr\u00f8, n\u00f8tter og t\u00f8rket frukt", "category_list": ["Alle varer", "Frukt og gr\u00f8nt", "Fr\u00f8, n\u00f8tter og t\u00f8rket frukt"], "title": "T\u00f8rkede Erter Gule", "price": 10.8, "product_variant": "500 g", "quantity_info": [[500.0, "g"]], "image_url": "/media/uploads/public/270/82/964482-5d07a-product_list.jpg", "unit_price_raw": "kr 21,60 per kg", "product_url": "https://kolonial.no/produkter/8302-rema-1000-torkede-erter-gule-500g/", "kolonial_id": "8302"},
  {"category": "Kj\u00f8ttboller og karbonader", "category_list": ["Alle varer", "Kj\u00f8tt og kylling", "Kj\u00f8ttboller og karbonader"], "title": "Kj\u00f8ttpudding", "price": 50.9, "product_variant": "500 g", "quantity_info": [[500.0, "g"]], "image_url": "/media/uploads/public/120/375/659175-ebd05-product_list.jpg", "unit_price_raw": "kr 101,80 per kg", "product_url": "https://kolonial.no/produkter/27142-gilde-kjottpudding/", "kolonial_id": "27142"},
  {"category": "Gr\u00f8nnsaker", "category_list": ["Alle varer", "Frukt og gr\u00f8nt", "Gr\u00f8nnsaker"], "title": "Gul L\u00f8k Laveste Pris", "price": 16.9, "product_variant": "Norge, 1 kg", "quantity_info": [[1.0, "kg"]], "image_url": "/media/uploads/public/0/284/76684-a62c8-product_list.jpg", "unit_price_raw": "kr 16,90 per kg", "product_url": "https://kolonial.no/produkter/19627-gul-lok-norge/", "kolonial_id": "19627"},
  {"category": "Frukt", "category_list": ["Alle varer", "Frukt og gr\u00f8nt", "Frukt"], "title": "Banan i Pose", "price": 15.9, "product_variant": "Liten St\u00f8rrelse, ca. 1 kg", "quantity_info": [[1.0, "kg"]], "image_url": "/media/uploads/public/226/2/998802-1797f-product_list.jpg", "unit_price_raw": "kr 15,90 per kg", "product_url": "https://kolonial.no/produkter/24854-banan-i-pose/", "kolonial_id": "24854"},
  {"category": "Frukt", "category_list": ["Alle varer", "Frukt og gr\u00f8nt", "Frukt"], "title": "R\u00f8de Epler i Pose", "price": 27.9, "product_variant": "Polen, 1,5 kg", "quantity_info": [[1.5, "kg"]], "image_url": "/media/uploads/public/0/83/92083-12845-product_list.jpg", "unit_price_raw": "kr 18,60 per kg", "product_url": "https://kolonial.no/produkter/19618-rode-epler-i-pose-polen/", "kolonial_id": "19618"},
  {"category": "Middags-kit og gryteretter", "category_list": ["Alle varer", "Middager og tilbeh\u00f8r", "Middags-kit og gryteretter"], "title": "Fri Bali Gryte", "price": 32.9, "product_variant": "Glutenfri, 70 g", "quantity_info": [[70.0, "g"]], "image_url": "/media/uploads/public/0/22/984422-801c8-product_list.jpg", "unit_price_raw": "kr 470,00 per kg", "product_url": "https://kolonial.no/produkter/27965-toro-fri-bali-gryte-glutenfri/", "kolonial_id": "27965"},
  {"category": "Middagstilbeh\u00f8r", "category_list": ["Alle varer", "Middager og tilbeh\u00f8r", "Middagstilbeh\u00f8r"], "title": "Krutonger med Tomat & Basilikum", "price": 26.9, "product_variant": "50 g", "quantity_info": [[50.0, "g"]], "image_url": "/media/uploads/public/324/133/972933-9517e-product_list.jpg", "unit_price_raw": "kr 538,00 per kg", "product_url": "https://kolonial.no/produkter/26881-tipiak-krutonger-med-tomat-basilikum/", "kolonial_id": "26881"},
  {"category": "N\u00f8tter", "category_list": ["Alle varer", "Snacks og godteri", "N\u00f8tter"], "title": "Polly N\u00f8ttemiks Texas Beef Ribs", "price": 41.7, "product_variant": "120 g", "quantity_info": [[120.0, "g"]], "image_url": "/media/uploads/public/73/313/262313-200e3-product_list.jpg", "unit_price_raw": "kr 347,50 per kg", "product_url": "https://kolonial.no/produkter/25500-polly-polly-nottemiks-texas-beef-ribs/", "kolonial_id": "25500"},
  {"category": "Kylling, kalkun og and", "category_list": ["Alle varer", "Kj\u00f8tt og kylling", "Kylling, kalkun og and"], "title": "Kyllingspyd Thai", "price": 54.9, "product_variant": "180 g", "quantity_info": [[180.0, "g"]], "image_url": "/media/uploads/public/280/216/979416-59252-product_list.jpg", "unit_price_raw": "kr 305,00 per kg", "product_url": "https://kolonial.no/produkter/27863-den-stolte-hane-kyllingspyd-thai/", "kolonial_id": "27863"},
  {"category": "Middagsglass", "category_list": ["Alle varer", "Barneprodukter", "Middagsglass"], "title": "Pastagrateng med Skinke", "price": 20.1, "product_variant": "Fra 8 mnd, 190 g", "quantity_info": [[8.0, "mnd"], [190.0, "g"]], "image_url": "/media/uploads/public/0/341/46741-da3d1-product_list.jpg", "unit_price_raw": "kr 105,79 per kg", "product_url": "https://kolonial.no/produkter/16954-semper-pastagrateng-med-skinke-fra-8-mnd/", "kolonial_id": "16954"},
  {"category": "Middagsglass", "category_list": ["Alle varer", "Barneprodukter", "Middagsglass"], "title": "Kj\u00f8ttkaker I Brun Saus", "price": 20.3, "product_variant": "Fra 8 mnd, 190 g", "quantity_info": [[8.0, "mnd"], [190.0, "g"]], "image_url": "/media/uploads/public/0/347/46747-72b2c-product_list.jpg", "unit_price_raw": "kr 106,84 per kg", "product_url": "https://kolonial.no/produkter/7408-semper-kjottkaker-i-brun-saus-fra-8-mnd/", "kolonial_id": "7408"},
  {"category": "Snus", "category_list": ["Alle varer", "Snus og tobakk", "Snus"], "title": "Skruf Slim White #3", "price": 92.9, "product_variant": "Stark Snus, 22 g", "quantity_info": [[22.0, "g"]], "image_url": "https://kolonial.no/static/products/img/placeholder.bffcea8d3530.png", "unit_price_raw": "kr 4222,73 per kg", "product_url": "https://kolonial.no/produkter/16029-skruf-skruf-slim-white-3-stark-snus/", "kolonial_id": "16029"},
  {"category": "Sigaretter", "category_list": ["Alle varer", "Snus og tobakk", "Sigaretter"], "title": "Paramount KS Red", "price": 98.9, "product_variant": "20 stk", "quantity_info": [[20.0, "stk"]], "image_url": "https://kolonial.no/static/products/img/placeholder.bffcea8d3530.png", "unit_price_raw": "kr 4,95 per stk", "product_url": "https://kolonial.no/produkter/17695-paramount-paramount-ks-red/", "kolonial_id": "17695"},
  {"category": "Majones og tubep\u00e5legg", "category_list": ["Alle varer", "P\u00e5legg", "Majones og tubep\u00e5legg"], "title": "Magerost Jalapeno", "price": 36.1, "product_variant": "175 g", "quantity_info": [[175.0, "g"]], "image_url": "/media/uploads/public/383/277/374677-b3fc7-product_list.jpg", "unit_price_raw": "kr 206,29 per kg", "product_url": "https://kolonial.no/produkter/26121-kavli-magerost-jalapeno/", "kolonial_id": "26121"},
  {"category": "Syltet\u00f8y", "category_list": ["Alle varer", "P\u00e5legg", "Syltet\u00f8y"], "title": "Bl\u00e5b\u00e6rsyltet\u00f8y Hjemmelaget", "price": 43.1, "product_variant": "400 g", "quantity_info": [[400.0, "g"]], "image_url": "/media/uploads/public/389/59/155259-2c5d7-product_list.jpg", "unit_price_raw": "kr 107,75 per kg", "product_url": "https://kolonial.no/produkter/25074-nora-blabaersyltetoy-hjemmelaget/", "kolonial_id": "25074"},
  {"category": "Fiskep\u00e5legg", "category_list": ["Alle varer", "P\u00e5legg", "Fiskep\u00e5legg"], "title": "Sardiner I Tomatsaus", "price": 13.3, "product_variant": "105 g", "quantity_info": [[105.0, "g"]], "image_url": "/media/uploads/public/398/18/972018-1ae78-product_list.jpg", "unit_price_raw": "kr 126,67 per kg", "product_url": "https://kolonial.no/produkter/8538-rema-1000-sardiner-i-tomatsaus-105g/", "kolonial_id": "8538"},
  {"category": "Spekemat og salami", "category_list": ["Alle varer", "P\u00e5legg", "Spekemat og salami"], "title": "Westfaler", "price": 55.5, "product_variant": "110 g", "quantity_info": [[110.0, "g"]], "image_url": "/media/uploads/public/118/27/968427-da551-product_list.jpg", "unit_price_raw": "kr 504,55 per kg", "product_url": "https://kolonial.no/produkter/15690-stranda-westfaler/", "kolonial_id": "15690"},
  {"category": "Kattemat", "category_list": ["Alle varer", "Dyremat", "Kattemat"], "title": "Purina One Adult", "price": 66.4, "product_variant": "800 g", "quantity_info": [[800.0, "g"]], "image_url": "/media/uploads/public/172/98/1010898-98a8c-product_list.jpg", "unit_price_raw": "kr 83,00 per kg", "product_url": "https://kolonial.no/produkter/23392-purina-one-adult/", "kolonial_id": "23392"},
  {"category": "Fl\u00f8te og r\u00f8mmeprodukter", "category_list": ["Alle varer", "Melk, meieriprodukter og egg", "Fl\u00f8te og r\u00f8mmeprodukter"], "title": "Kremfl\u00f8te", "price": 24.6, "product_variant": "Laktosefri, 0,3 l", "quantity_info": [[0.3, "l"]], "image_url": "/media/uploads/public/0/16/1216-d4537-product_list.jpg", "unit_price_raw": "kr 82,00 per l", "product_url": "https://kolonial.no/produkter/1303-tine-kremflote-laktosefri/", "kolonial_id": "1303"},
  {"category": "Yoghurt", "category_list": ["Alle varer", "Melk, meieriprodukter og egg", "Yoghurt"], "title": "Go' Morgen", "price": 12.9, "product_variant": "Skogsb\u00e6ryoghurt med 4-kornm\u00fcsli, 195 g", "quantity_info": [[4.0, "kornm\u00fcsli"], [195.0, "g"]], "image_url": "/media/uploads/public/108/339/968339-9cbab-product_list.jpg", "unit_price_raw": "kr 66,15 per kg", "product_url": "https://kolonial.no/produkter/818-tine-go-morgen-skogsbaeryoghurt-med-4-kornmusli-19/", "kolonial_id": "818"},
  {"category": "Sm\u00f8r og margarin", "category_list": ["Alle varer", "Melk, meieriprodukter og egg", "Sm\u00f8r og margarin"], "title": "Kryddersm\u00f8r Hvitl\u00f8k", "price": 22.1, "product_variant": "65 g", "quantity_info": [[65.0, "g"]], "image_url": "/media/uploads/public/116/125/970925-a66f6-product_list.jpg", "unit_price_raw": "kr 340,00 per kg", "product_url": "https://kolonial.no/produkter/13345-rema-1000-kryddersmor-hvitlok-60g/", "kolonial_id": "13345"},
  {"category": "Te", "category_list": ["Alle varer", "Drikkevarer", "Te"], "title": "Ananas & Mango Te", "price": 60.9, "product_variant": "25 stk", "quantity_info": [[25.0, "stk"]], "image_url": "/media/uploads/public/255/51/517651-22cd8-product_list.jpg", "unit_price_raw": "kr 2,44 per stk", "product_url": "https://kolonial.no/produkter/26343-kericho-gold-ananas-mango-te/", "kolonial_id": "26343"},
  {"category": "Kaffe", "category_list": ["Alle varer", "Drikkevarer", "Kaffe"], "title": "Dolce Gusto Grande", "price": 58.4, "product_variant": "16 kapsler, 16 stk", "quantity_info": [[16.0, "kapsler"], [16.0, "stk"]], "image_url": "/media/uploads/public/219/185/967385-242ce-product_list.jpg", "unit_price_raw": "kr 3,65 per stk", "product_url": "https://kolonial.no/produkter/11293-dolce-gusto-dolce-gusto-grande-16-kapsler/", "kolonial_id": "11293"},
  {"category": "Saft", "category_list": ["Alle varer", "Drikkevarer", "Saft"], "title": "Appelsin & Jordb\u00e6r", "price": 31.3, "product_variant": "3 stk, 0,75 l", "quantity_info": [[3.0, "stk"], [0.75, "l"]], "image_url": "/media/uploads/public/41/396/973996-2e5c9-product_list.jpg", "unit_price_raw": "kr 41,73 per l", "product_url": "https://kolonial.no/produkter/17107-rema-1000-appelsin-jordbaer-3-stk/", "kolonial_id": "17107"},
  {"category": "Juice", "category_list": ["Alle varer", "Drikkevarer", "Juice"], "title": "Ginger Shot", "price": 20.9, "product_variant": "Ingef\u00e6r, Eple & Sitron, 80 ml", "quantity_info": [[80.0, "ml"]], "image_url": "/media/uploads/public/353/205/973405-1483b-product_list.jpg", "unit_price_raw": "kr 261,25 per l", "product_url": "https://kolonial.no/produkter/27340-juiceriet-ginger-shot-ingefaer-eple-sitron/", "kolonial_id": "27340"},
  {"category": "Juice", "category_list": ["Alle varer", "Drikkevarer", "Juice"], "title": "Hot Shot", "price": 20.9, "product_variant": "Ingef\u00e6r, Cayenne & Sitron, 80 ml", "quantity_info": [[80.0, "ml"]], "image_url": "/media/uploads/public/358/78/973278-5bddc-product_list.jpg", "unit_price_raw": "kr 261,25 per l", "product_url": "https://kolonial.no/produkter/27338-juiceriet-hot-shot-ingefaer-cayenne-sitron/", "kolonial_id": "27338"},
  {"category": "Vann og mineralvann", "category_list": ["Alle varer", "Drikkevarer", "Vann og mineralvann"], "title": "Taffel Stillvann", "price": 10.6, "product_variant": "1,5 l", "quantity_info": [[1.5, "l"]], "image_url": "/media/uploads/public/168/27/971627-6db17-product_list.jpg", "unit_price_raw": "kr 7,07 per l", "product_url": "https://kolonial.no/produkter/23888-grans-bryggeri-taffel-stillvann/", "kolonial_id": "23888"},
  {"category": "Spesialoster", "category_list": ["Alle varer", "Oster", "Spesialoster"], "title": "Halloumi", "price": 75.8, "product_variant": "Classic fra Alambra, 250 g", "quantity_info": [[250.0, "g"]], "image_url": "/media/uploads/public/0/132/34132-18cb5-product_list.jpg", "unit_price_raw": "kr 303,20 per kg", "product_url": "https://kolonial.no/produkter/14212-halloumi-petrou-250g/", "kolonial_id": "14212"},
  {"category": "Brus", "category_list": ["Alle varer", "Drikkevarer", "Brus"], "title": "Siesta X", "price": 22.9, "product_variant": "Uten Tilsatt Sukker, 1,5 l", "quantity_info": [[1.5, "l"]], "image_url": "/media/uploads/public/377/259/973859-32593-product_list.jpg", "unit_price_raw": "kr 15,27 per l", "product_url": "https://kolonial.no/produkter/6871-grans-bryggeri-siesta-x-uten-tilsatt-sukker-15l/", "kolonial_id": "6871"},
  {"category": "Brus", "category_list": ["Alle varer", "Drikkevarer", "Brus"], "title": "Tonic", "price": 36.5, "product_variant": "1 l", "quantity_info": [[1.0, "l"]], "image_url": "/media/uploads/public/328/217/630617-3f5f1-product_list.jpg", "unit_price_raw": "kr 36,50 per l", "product_url": "https://kolonial.no/produkter/10091-schweppes-tonic-1l/", "kolonial_id": "10091"},
  {"category": "Hundemat", "category_list": ["Alle varer", "Dyremat", "Hundemat"], "title": "Hundefisk", "price": 69.8, "product_variant": "300 g", "quantity_info": [[300.0, "g"]], "image_url": "/media/uploads/public/204/78/964478-73c96-product_list.jpg", "unit_price_raw": "kr 232,67 per kg", "product_url": "https://kolonial.no/produkter/7435-snadder-hundefisk-300g/", "kolonial_id": "7435"},
  {"category": "Taco", "category_list": ["Alle varer", "Pizza og taco", "Taco"], "title": "Jalape\u00f1os", "price": 17.9, "product_variant": "120 g", "quantity_info": [[120.0, "g"]], "image_url": "/media/uploads/public/339/146/968946-8b1e6-product_list.jpg", "unit_price_raw": "kr 149,17 per kg", "product_url": "https://kolonial.no/produkter/17077-rema-1000-jalapenos/", "kolonial_id": "17077"},
  {"category": "Melk", "category_list": ["Alle varer", "Melk, meieriprodukter og egg", "Melk"], "title": "Kulturmj\u00f8lk", "price": 21.3, "product_variant": "Skummet, 1 l", "quantity_info": [[1.0, "l"]], "image_url": "/media/uploads/public/0/220/220-4bc93-product_list.jpg", "unit_price_raw": "kr 21,30 per l", "product_url": "https://kolonial.no/produkter/134-tine-kulturmjolk-skummet-1l/", "kolonial_id": "134"},
  {"category": "Krydder", "category_list": ["Alle varer", "Olje og krydder", "Krydder"], "title": "Eineb\u00e6r", "price": 36.7, "product_variant": "41 g", "quantity_info": [[41.0, "g"]], "image_url": "/media/uploads/public/248/339/965539-28360-product_list.jpg", "unit_price_raw": "kr 895,12 per kg", "product_url": "https://kolonial.no/produkter/6181-toro-einebaer-41g/", "kolonial_id": "6181"},
  {"category": "Helsekost", "category_list": ["Alle varer", "Legemidler og helsekost", "Helsekost"], "title": "Topping Bl\u00e5b\u00e6r", "price": 123.6, "product_variant": "\u00d8kologisk, 200 g", "quantity_info": [[200.0, "g"]], "image_url": "/media/uploads/public/114/252/702652-241ba-product_list.jpg", "unit_price_raw": "kr 618,00 per kg", "product_url": "https://kolonial.no/produkter/27471-superlife-topping-blabaer-okologisk/", "kolonial_id": "27471"},
  {"category": "Bind og tamponger", "category_list": ["Alle varer", "Hygieneartikler", "Bind og tamponger"], "title": "Pro Comfort Mini", "price": 24.6, "product_variant": "16 stk", "quantity_info": [[16.0, "stk"]], "image_url": "/media/uploads/public/183/297/1007897-a1018-product_list.jpg", "unit_price_raw": "kr 1,54 per stk", "product_url": "https://kolonial.no/produkter/13630-ob-procomfort-mini-16stk-16stk/", "kolonial_id": "13630"},
  {"category": "Shampo og h\u00e5rprodukter", "category_list": ["Alle varer", "Shampo, s\u00e5pe og krem", "Shampo og h\u00e5rprodukter"], "title": "Balsam Anti Frizz", "price": 52.4, "product_variant": "250 ml", "quantity_info": [[250.0, "ml"]], "image_url": "/media/uploads/public/89/73/145273-47049-product_list.jpg", "unit_price_raw": "kr 209,60 per l", "product_url": "https://kolonial.no/produkter/24410-fab-hair-balsam-anti-frizz/", "kolonial_id": "24410"},
  {"category": "Gulost", "category_list": ["Alle varer", "Oster", "Gulost"], "title": "Gouda I Skiver", "price": 34.5, "product_variant": "250 g", "quantity_info": [[250.0, "g"]], "image_url": "/media/uploads/public/241/172/999772-fbb04-product_list.jpg", "unit_price_raw": "kr 138,00 per kg", "product_url": "https://kolonial.no/produkter/4465-gouda-i-skiver-250g/", "kolonial_id": "4465"},
  {"category": "Fryst pizza", "category_list": ["Alle varer", "Pizza og taco", "Fryst pizza"], "title": "Ristorante Pepperoni Salame", "price": 43.9, "product_variant": "320 g", "quantity_info": [[320.0, "g"]], "image_url": "/media/uploads/public/372/255/136255-402d5-product_list.jpg", "unit_price_raw": "kr 137,19 per kg", "product_url": "https://kolonial.no/produkter/23871-dr-oetker-ristorante-pepperoni-salame/", "kolonial_id": "23871"},
  {"category": "Tannpleie", "category_list": ["Alle varer", "Hygieneartikler", "Tannpleie"], "title": "Tannkrem Sens White", "price": 33.8, "product_variant": "75 ml", "quantity_info": [[75.0, "ml"]], "image_url": "/media/uploads/public/167/83/965683-2c314-product_list.jpg", "unit_price_raw": "kr 450,67 per l", "product_url": "https://kolonial.no/produkter/6097-colgate-tannkrem-sens-white-75ml/", "kolonial_id": "6097"},
  {"category": "Tannpleie", "category_list": ["Alle varer", "Hygieneartikler", "Tannpleie"], "title": "Tannkrem Karies Kontroll", "price": 15.2, "product_variant": "75 ml", "quantity_info": [[75.0, "ml"]], "image_url": "/media/uploads/public/330/120/968920-2ce53-product_list.jpg", "unit_price_raw": "kr 202,67 per l", "product_url": "https://kolonial.no/produkter/6076-colgate-tannkrem-karies-kontroll-75ml/", "kolonial_id": "6076"},
  {"category": "Vaskemidler", "category_list": ["Alle varer", "T\u00f8rkepapir og vaskemidler", "Vaskemidler"], "title": "Heavy Gel", "price": 73.0, "product_variant": "Avl\u00f8ps\u00e5pner, 550 g", "quantity_info": [[550.0, "g"]], "image_url": "/media/uploads/public/39/56/964456-2d393-product_list.jpg", "unit_price_raw": "kr 132,73 per kg", "product_url": "https://kolonial.no/produkter/14113-plumbo-heavy-gel-avlopsapner-550g/", "kolonial_id": "14113"},
  {"category": "Frossen fisk og sj\u00f8mat", "category_list": ["Alle varer", "Fisk og sj\u00f8mat", "Frossen fisk og sj\u00f8mat"], "title": "Spekesild", "price": 24.6, "product_variant": "250 g", "quantity_info": [[250.0, "g"]], "image_url": "/media/uploads/public/55/159/186159-11a49-product_list.jpg", "unit_price_raw": "kr 98,40 per kg", "product_url": "https://kolonial.no/produkter/25151-norway-seafoods-spekesild/", "kolonial_id": "25151"},
  {"category": "Baketilbeh\u00f8r", "category_list": ["Alle varer", "Mel og bakeingredienser", "Baketilbeh\u00f8r"], "title": "Blandet Str\u00f8ssel", "price": 31.6, "product_variant": "120 g", "quantity_info": [[120.0, "g"]], "image_url": "/media/uploads/public/24/308/971508-3893a-product_list.jpg", "unit_price_raw": "kr 263,33 per kg", "product_url": "https://kolonial.no/produkter/7537-dr-oetker-blandet-strossel-120g/", "kolonial_id": "7537"},
  {"category": "Klesvask", "category_list": ["Alle varer", "T\u00f8rkepapir og vaskemidler", "Klesvask"], "title": "Flytende Vask Color", "price": 32.4, "product_variant": "1 l", "quantity_info": [[1.0, "l"]], "image_url": "/media/uploads/public/109/336/164736-ceaf7-product_list.jpg", "unit_price_raw": "kr 32,40 per l", "product_url": "https://kolonial.no/produkter/24996-rema-1000-flytende-vask-color/", "kolonial_id": "24996"},
  {"category": "Oljer og dressinger", "category_list": ["Alle varer", "Olje og krydder", "Oljer og dressinger"], "title": "Tamari Soyasaus", "price": 59.5, "product_variant": "150 ml", "quantity_info": [[150.0, "ml"]], "image_url": "/media/uploads/public/0/74/13274-4244f-product_list.jpg", "unit_price_raw": "kr 396,67 per l", "product_url": "https://kolonial.no/produkter/9920-saitaku-tamari-soyasaus-150ml/", "kolonial_id": "9920"},
  {"category": "Oljer og dressinger", "category_list": ["Alle varer", "Olje og krydder", "Oljer og dressinger"], "title": "Soyasaus Glutenfri", "price": 48.6, "product_variant": "250 ml", "quantity_info": [[250.0, "ml"]], "image_url": "/media/uploads/public/346/133/968133-fcd2c-product_list.jpg", "unit_price_raw": "kr 194,40 per l", "product_url": "https://kolonial.no/produkter/10646-kikkoman-soyasaus-glutenfri-250ml/", "kolonial_id": "10646"},
  {"category": "Ferdigmikser", "category_list": ["Alle varer", "Mel og bakeingredienser", "Ferdigmikser"], "title": "Dessert Creme Brulee", "price": 37.3, "product_variant": "130 g", "quantity_info": [[130.0, "g"]], "image_url": "/media/uploads/public/120/55/155255-1270a-product_list.jpg", "unit_price_raw": "kr 286,92 per kg", "product_url": "https://kolonial.no/produkter/25069-toro-dessert-creme-brulee/", "kolonial_id": "25069"},
  {"category": "Tyggis og pastiller", "category_list": ["Alle varer", "Snacks og godteri", "Tyggis og pastiller"], "title": "Dent Trio", "price": 16.9, "product_variant": "24 g", "quantity_info": [[24.0, "g"]], "image_url": "/media/uploads/public/104/230/1021430-f57a4-product_list.jpg", "unit_price_raw": "kr 704,17 per kg", "product_url": "https://kolonial.no/produkter/15546-dent-dent-trio/", "kolonial_id": "15546"},
  {"category": "Frokostblandinger og gryn", "category_list": ["Alle varer", "Br\u00f8d og frokostblandinger", "Frokostblandinger og gryn"], "title": "The Ultimate Granola", "price": 97.8, "product_variant": "\u00d8kologisk, 500 g", "quantity_info": [[500.0, "g"]], "image_url": "/media/uploads/public/0/172/12572-58b63-product_list.jpg", "unit_price_raw": "kr 195,60 per kg", "product_url": "https://kolonial.no/produkter/9596-rude-health-ultimate-granola-okologisk-500g/", "kolonial_id": "9596"},
  {"category": "Frokostblandinger og gryn", "category_list": ["Alle varer", "Br\u00f8d og frokostblandinger", "Frokostblandinger og gryn"], "title": "Honey & Nuts Granola", "price": 80.0, "product_variant": "500 g", "quantity_info": [[500.0, "g"]], "image_url": "/media/uploads/public/0/169/12569-4a33b-product_list.jpg", "unit_price_raw": "kr 160,00 per kg", "product_url": "https://kolonial.no/produkter/9599-rude-health-honey-nuts-granola-500g/", "kolonial_id": "9599"},
  {"category": "Supper", "category_list": ["Alle varer", "Middager og tilbeh\u00f8r", "Supper"], "title": "Ertesuppe", "price": 26.8, "product_variant": "500 g", "quantity_info": [[500.0, "g"]], "image_url": "/media/uploads/public/354/39/373239-685c0-product_list.jpg", "unit_price_raw": "kr 53,60 per kg", "product_url": "https://kolonial.no/produkter/25987-rema-1000-ertesuppe/", "kolonial_id": "25987"},
  {"category": "Knekkebr\u00f8d", "category_list": ["Alle varer", "Br\u00f8d og frokostblandinger", "Knekkebr\u00f8d"], "title": "Frukost \u00d8konomi", "price": 21.9, "product_variant": "480 g", "quantity_info": [[480.0, "g"]], "image_url": "/media/uploads/public/122/376/973576-677b5-product_list.jpg", "unit_price_raw": "kr 45,63 per kg", "product_url": "https://kolonial.no/produkter/6940-wasa-frukost-okonomi-480g/", "kolonial_id": "6940"},
  {"category": "Langtidsholdbare br\u00f8d", "category_list": ["Alle varer", "Br\u00f8d og frokostblandinger", "Langtidsholdbare br\u00f8d"], "title": "Fr\u00f8loff, Lettstekt", "price": 30.7, "product_variant": "670 g", "quantity_info": [[670.0, "g"]], "image_url": "/media/uploads/public/398/392/1015592-7ade3-product_list.jpg", "unit_price_raw": "kr 45,82 per kg", "product_url": "https://kolonial.no/produkter/13750-rema-1000-froloff-lettstekt-670g/", "kolonial_id": "13750"},
  {"category": "Pasta og nudler", "category_list": ["Alle varer", "Middager og tilbeh\u00f8r", "Pasta og nudler"], "title": "Tagliatelle", "price": 23.8, "product_variant": "500 g", "quantity_info": [[500.0, "g"]], "image_url": "/media/uploads/public/102/302/966302-d96ab-product_list.jpg", "unit_price_raw": "kr 47,60 per kg", "product_url": "https://kolonial.no/produkter/8696-rema-1000-tagliatelle-500g/", "kolonial_id": "8696"},
  {"category": "Pasta og nudler", "category_list": ["Alle varer", "Middager og tilbeh\u00f8r", "Pasta og nudler"], "title": "Macaroni", "price": 17.9, "product_variant": "1 kg", "quantity_info": [[1.0, "kg"]], "image_url": "/media/uploads/public/374/313/966313-cbb12-product_list.jpg", "unit_price_raw": "kr 17,90 per kg", "product_url": "https://kolonial.no/produkter/8684-rema-1000-macaroni-1000g/", "kolonial_id": "8684"},
  {"category": "Hermetisert frukt og gr\u00f8nt", "category_list": ["Alle varer", "Frukt og gr\u00f8nt", "Hermetisert frukt og gr\u00f8nt"], "title": "Hvitl\u00f8k i Urter", "price": 22.9, "product_variant": "280 g", "quantity_info": [[280.0, "g"]], "image_url": "/media/uploads/public/377/325/968725-1976d-product_list.jpg", "unit_price_raw": "kr 81,79 per kg", "product_url": "https://kolonial.no/produkter/16350-rema-1000-hvitlok-i-urter/", "kolonial_id": "16350"},
  {"category": "Ferdige middagsretter", "category_list": ["Alle varer", "Middager og tilbeh\u00f8r", "Ferdige middagsretter"], "title": "Torsk i Purrel\u00f8ksaus med Gulr\u00f8tter og Poteter", "price": 68.9, "product_variant": "550 g", "quantity_info": [[550.0, "g"]], "image_url": "/media/uploads/public/8/237/973837-36103-product_list.jpg", "unit_price_raw": "kr 125,27 per kg", "product_url": "https://kolonial.no/produkter/13645-fjordland-torsk-i-purreloksaus-med-gulrotter-og-po/", "kolonial_id": "13645"},
  {"category": "Ferdigsauser", "category_list": ["Alle varer", "Middager og tilbeh\u00f8r", "Ferdigsauser"], "title": "R\u00f8d Pesto", "price": 14.0, "product_variant": "190 g", "quantity_info": [[190.0, "g"]], "image_url": "/media/uploads/public/42/369/967969-b6441-product_list.jpg", "unit_price_raw": "kr 73,68 per kg", "product_url": "https://kolonial.no/produkter/13318-rema-1000-rod-pesto-190g/", "kolonial_id": "13318"},
  {"category": "P\u00f8lser", "category_list": ["Alle varer", "Kj\u00f8tt og kylling", "P\u00f8lser"], "title": "Grillp\u00f8lse Kylling Halal", "price": 39.9, "product_variant": "500 g", "quantity_info": [[500.0, "g"]], "image_url": "/media/uploads/public/225/112/973712-7b800-product_list.jpg", "unit_price_raw": "kr 79,80 per kg", "product_url": "https://kolonial.no/produkter/27646-kylling-grillpolse-halal/", "kolonial_id": "27646"},
  {"category": "Fr\u00f8, n\u00f8tter og t\u00f8rket frukt", "category_list": ["Alle varer", "Frukt og gr\u00f8nt", "Fr\u00f8, n\u00f8tter og t\u00f8rket frukt"], "title": "T\u00f8rkede Erter Gr\u00f8nne", "price": 10.8, "product_variant": "500 g", "quantity_info": [[500.0, "g"]], "image_url": "/media/uploads/public/95/83/964483-19044-product_list.jpg", "unit_price_raw": "kr 21,60 per kg", "product_url": "https://kolonial.no/produkter/8304-rema-1000-torkede-erter-gronne-500g/", "kolonial_id": "8304"},
  {"category": "Kj\u00f8ttboller og karbonader", "category_list": ["Alle varer", "Kj\u00f8tt og kylling", "Kj\u00f8ttboller og karbonader"], "title": "Kyllingkj\u00f8ttboller", "price": 29.9, "product_variant": "Halal, 400 g", "quantity_info": [[400.0, "g"]], "image_url": "/media/uploads/public/376/183/973783-eb620-product_list.jpg", "unit_price_raw": "kr 74,75 per kg", "product_url": "https://kolonial.no/produkter/27647-kylling-kjottboller-halal/", "kolonial_id": "27647"},
  {"category": "Gr\u00f8nnsaker", "category_list": ["Alle varer", "Frukt og gr\u00f8nt", "Gr\u00f8nnsaker"], "title": "\u00d8kologisk Gul L\u00f8k", "price": 28.9, "product_variant": "Holland, 500 g", "quantity_info": [[500.0, "g"]], "image_url": "/media/uploads/public/285/24/642824-8472d-product_list.jpg", "unit_price_raw": "kr 57,80 per kg", "product_url": "https://kolonial.no/produkter/19459-okologisk-gul-lok-holland/", "kolonial_id": "19459"},
  {"category": "Frukt", "category_list": ["Alle varer", "Frukt og gr\u00f8nt", "Frukt"], "title": "Sm\u00e5 Lime  V\u00e5r Laveste pris", "price": 13.9, "product_variant": "Brasil/Mexico, 6 stk", "quantity_info": [[6.0, "stk"]], "image_url": "/media/uploads/public/78/3/998803-76092-product_list.jpg", "unit_price_raw": "kr 34,75 per kg", "product_url": "https://kolonial.no/produkter/27854-sma-lime-laveste-pris-brasilmexico/", "kolonial_id": "27854"},
  {"category": "Middagstilbeh\u00f8r", "category_list": ["Alle varer", "Middager og tilbeh\u00f8r", "Middagstilbeh\u00f8r"], "title": "Potetsalat", "price": 12.9, "product_variant": "900 g", "quantity_info": [[900.0, "g"]], "image_url": "/media/uploads/public/115/393/972393-eba0e-product_list.jpg", "unit_price_raw": "kr 14,33 per kg", "product_url": "https://kolonial.no/produkter/5161-salatmestern-potetsalat-900g/", "kolonial_id": "5161"},
  {"category": "N\u00f8tter", "category_list": ["Alle varer", "Snacks og godteri", "N\u00f8tter"], "title": "Polly Kuler", "price": 41.6, "product_variant": "140 g", "quantity_info": [[140.0, "g"]], "image_url": "/media/uploads/public/198/295/973895-84e5a-product_list.jpg", "unit_price_raw": "kr 297,14 per kg", "product_url": "https://kolonial.no/produkter/27757-polly-polly-kuler/", "kolonial_id": "27757"},
  {"category": "Middagsglass", "category_list": ["Alle varer", "Barneprodukter", "Middagsglass"], "title": "Gr\u00f8nnsakslasagne med Ost", "price": 21.7, "product_variant": "Fra 12 mnd, 190 g", "quantity_info": [[12.0, "mnd"], [190.0, "g"]], "image_url": "/media/uploads/public/0/338/46738-3af34-product_list.jpg", "unit_price_raw": "kr 114,21 per kg", "product_url": "https://kolonial.no/produkter/16951-semper-gronnsakslasagne-med-ost-fra-12-mnd/", "kolonial_id": "16951"},
  {"category": "Snus", "category_list": ["Alle varer", "Snus og tobakk", "Snus"], "title": "The LaB 07", "price": 94.6, "product_variant": "White Ex Strong, 22 g", "quantity_info": [[22.0, "g"]], "image_url": "https://kolonial.no/static/products/img/placeholder.bffcea8d3530.png", "unit_price_raw": "kr 4300,00 per kg", "product_url": "https://kolonial.no/produkter/17671-lab-07-white-ex-strong/", "kolonial_id": "17671"},
  {"category": "Snus", "category_list": ["Alle varer", "Snus og tobakk", "Snus"], "title": "General G3 No1", "price": 95.9, "product_variant": "Ex Strong, 0,02 kg", "quantity_info": [[0.02, "kg"]], "image_url": "https://kolonial.no/static/products/img/placeholder.bffcea8d3530.png", "unit_price_raw": "kr 4795,00 per kg", "product_url": "https://kolonial.no/produkter/17662-general-g3-no1-ex-strong/", "kolonial_id": "17662"},
  {"category": "Syltet\u00f8y", "category_list": ["Alle varer", "P\u00e5legg", "Syltet\u00f8y"], "title": "Jordb\u00e6rsyltet\u00f8y Hjemmelaget", "price": 27.3, "product_variant": "400 g", "quantity_info": [[400.0, "g"]], "image_url": "/media/uploads/public/325/10/965210-29302-product_list.jpg", "unit_price_raw": "kr 68,25 per kg", "product_url": "https://kolonial.no/produkter/6532-nora-jordbaersyltetoy-hjemmelaget-400g/", "kolonial_id": "6532"},
  {"category": "Syltet\u00f8y", "category_list": ["Alle varer", "P\u00e5legg", "Syltet\u00f8y"], "title": "Aprikos Heimefr\u00e5", "price": 25.9, "product_variant": "360 g", "quantity_info": [[360.0, "g"]], "image_url": "/media/uploads/public/74/148/972548-7b86e-product_list.jpg", "unit_price_raw": "kr 71,94 per kg", "product_url": "https://kolonial.no/produkter/26324-lerum-aprikos-heimefra/", "kolonial_id": "26324"},
  {"category": "Fiskep\u00e5legg", "category_list": ["Alle varer", "P\u00e5legg", "Fiskep\u00e5legg"], "title": "Makrell I Tomat", "price": 12.8, "product_variant": "2x110g, 220 g", "quantity_info": [[2.0, "x"], [110.0, "g"], [220.0, "g"]], "image_url": "/media/uploads/public/75/143/970943-1423c-product_list.jpg", "unit_price_raw": "kr 58,18 per kg", "product_url": "https://kolonial.no/produkter/8568-rema-1000-makrell-i-tomat-2x110g/", "kolonial_id": "8568"},
  {"category": "Spekemat og salami", "category_list": ["Alle varer", "P\u00e5legg", "Spekemat og salami"], "title": "Strandaskinke", "price": 36.7, "product_variant": "70 g", "quantity_info": [[70.0, "g"]], "image_url": "/media/uploads/public/50/349/966749-24f46-product_list.jpg", "unit_price_raw": "kr 524,29 per kg", "product_url": "https://kolonial.no/produkter/4543-stranda-strandaskinke-70g/", "kolonial_id": "4543"},
  {"category": "Kattemat", "category_list": ["Alle varer", "Dyremat", "Kattemat"], "title": "Mix Laks & Ost", "price": 23.3, "product_variant": "60 g", "quantity_info": [[60.0, "g"]], "image_url": "/media/uploads/public/395/252/965852-811ac-product_list.jpg", "unit_price_raw": "kr 388,33 per kg", "product_url": "https://kolonial.no/produkter/13873-dreamies-mix-laks-ost/", "kolonial_id": "13873"},
  {"category": "Kattemat", "category_list": ["Alle varer", "Dyremat", "Kattemat"], "title": "Kylling & And Mix", "price": 22.6, "product_variant": "60 g", "quantity_info": [[60.0, "g"]], "image_url": "/media/uploads/public/181/234/965834-b7c83-product_list.jpg", "unit_price_raw": "kr 376,67 per kg", "product_url": "https://kolonial.no/produkter/13936-dreamies-kylling-and-mix/", "kolonial_id": "13936"},
  {"category": "Fl\u00f8te og r\u00f8mmeprodukter", "category_list": ["Alle varer", "Melk, meieriprodukter og egg", "Fl\u00f8te og r\u00f8mmeprodukter"], "title": "Kremtopp 33%", "price": 42.5, "product_variant": "250 ml", "quantity_info": [[250.0, "ml"]], "image_url": "/media/uploads/public/349/341/968341-1cbe3-product_list.jpg", "unit_price_raw": "kr 170,00 per l", "product_url": "https://kolonial.no/produkter/1234-tine-kremtopp-33/", "kolonial_id": "1234"},
  {"category": "Yoghurt", "category_list": ["Alle varer", "Melk, meieriprodukter og egg", "Yoghurt"], "title": "Gresk Yoghurt Pekan & Honning", "price": 26.6, "product_variant": "160 g", "quantity_info": [[160.0, "g"]], "image_url": "/media/uploads/public/247/27/974027-26a90-product_list.jpg", "unit_price_raw": "kr 166,25 per kg", "product_url": "https://kolonial.no/produkter/4438-synnove-gresk-yoghurt-pekan-honning-160g/", "kolonial_id": "4438"},
  {"category": "Yoghurt", "category_list": ["Alle varer", "Melk, meieriprodukter og egg", "Yoghurt"], "title": "Gresk Yoghurt Jordb\u00e6r & Granola", "price": 20.6, "product_variant": "165 g", "quantity_info": [[165.0, "g"]], "image_url": "/media/uploads/public/391/130/970930-cff12-product_list.jpg", "unit_price_raw": "kr 124,85 per kg", "product_url": "https://kolonial.no/produkter/3532-synnove-gresk-yoghurt-jordbaer-granola-165g/", "kolonial_id": "3532"},
  {"category": "Sm\u00f8r og margarin", "category_list": ["Alle varer", "Melk, meieriprodukter og egg", "Sm\u00f8r og margarin"], "title": "Kryddersm\u00f8r Paprika", "price": 22.1, "product_variant": "65 g", "quantity_info": [[65.0, "g"]], "image_url": "/media/uploads/public/85/9/970809-f8f33-product_list.jpg", "unit_price_raw": "kr 340,00 per kg", "product_url": "https://kolonial.no/produkter/13348-rema-1000-kryddersmor-paprika-60g/", "kolonial_id": "13348"},
  {"category": "Sm\u00f8r og margarin", "category_list": ["Alle varer", "Melk, meieriprodukter og egg", "Sm\u00f8r og margarin"], "title": "Stekemargarin", "price": 15.3, "product_variant": "500 g", "quantity_info": [[500.0, "g"]], "image_url": "/media/uploads/public/232/69/1018869-512fc-product_list.jpg", "unit_price_raw": "kr 30,60 per kg", "product_url": "https://kolonial.no/produkter/8764-rema-1000-stekemargarin-500g/", "kolonial_id": "8764"},
  {"category": "Te", "category_list": ["Alle varer", "Drikkevarer", "Te"], "title": "Hangover Te", "price": 60.9, "product_variant": "25 stk", "quantity_info": [[25.0, "stk"]], "image_url": "/media/uploads/public/204/53/517653-5398f-product_list.jpg", "unit_price_raw": "kr 2,44 per stk", "product_url": "https://kolonial.no/produkter/26346-kericho-gold-hangover-te/", "kolonial_id": "26346"},
  {"category": "Kaffe", "category_list": ["Alle varer", "Drikkevarer", "Kaffe"], "title": "Dolce Gusto Intenso Grande", "price": 58.8, "product_variant": "16 kapsler, 160 g", "quantity_info": [[16.0, "kapsler"], [160.0, "g"]], "image_url": "/media/uploads/public/294/376/965976-d08f5-product_list.jpg", "unit_price_raw": "kr 367,50 per kg", "product_url": "https://kolonial.no/produkter/5587-dolce-gusto-dolce-gusto-intenso-grande-16-kapsler/", "kolonial_id": "5587"},
  {"category": "Saft", "category_list": ["Alle varer", "Drikkevarer", "Saft"], "title": "Sprett Tropisk drikk", "price": 14.7, "product_variant": "250 ml", "quantity_info": [[250.0, "ml"]], "image_url": "/media/uploads/public/146/391/968391-62068-product_list.jpg", "unit_price_raw": "kr 58,80 per l", "product_url": "https://kolonial.no/produkter/12073-tine-sprett-tropisk-drikk-250ml/", "kolonial_id": "12073"},
  {"category": "Juice", "category_list": ["Alle varer", "Drikkevarer", "Juice"], "title": "Beet Me", "price": 38.9, "product_variant": "Eple, R\u00f8dbet, Gulrot, Ingef\u00e6r & Sitron, 250 ml", "quantity_info": [[250.0, "ml"]], "image_url": "/media/uploads/public/151/0/973600-ea78c-product_list.jpg", "unit_price_raw": "kr 155,60 per l", "product_url": "https://kolonial.no/produkter/27333-juiceriet-beet-me-eple-rodbet-gulrot-ingefaer-sitr/", "kolonial_id": "27333"},
  {"category": "Vann og mineralvann", "category_list": ["Alle varer", "Drikkevarer", "Vann og mineralvann"], "title": "Taffel Fersken", "price": 11.7, "product_variant": "0,45 l", "quantity_info": [[0.45, "l"]], "image_url": "/media/uploads/public/94/130/511730-634ca-product_list.jpg", "unit_price_raw": "kr 26,00 per l", "product_url": "https://kolonial.no/produkter/26286-grans-bryggeri-taffel-fersken/", "kolonial_id": "26286"},
  {"category": "Vann og mineralvann", "category_list": ["Alle varer", "Drikkevarer", "Vann og mineralvann"], "title": "Taffel Eple", "price": 11.7, "product_variant": "0,45 l", "quantity_info": [[0.45, "l"]], "image_url": "/media/uploads/public/38/128/511728-b995d-product_list.jpg", "unit_price_raw": "kr 26,00 per l", "product_url": "https://kolonial.no/produkter/26283-grans-bryggeri-taffel-eple/", "kolonial_id": "26283"},
  {"category": "Bleier", "category_list": ["Alle varer", "Barneprodukter", "Bleier"], "title": "Stelleunderlag", "price": 19.1, "product_variant": "6 stk", "quantity_info": [[6.0, "stk"]], "image_url": "/media/uploads/public/244/191/964991-6eb48-product_list.jpg", "unit_price_raw": "kr 3,18 per stk", "product_url": "https://kolonial.no/produkter/14005-libero-stelleunderlag-6stk/", "kolonial_id": "14005"},
  {"category": "Spesialoster", "category_list": ["Alle varer", "Oster", "Spesialoster"], "title": "Pultost L\u00f8iten", "price": 49.9, "product_variant": "180 g", "quantity_info": [[180.0, "g"]], "image_url": "/media/uploads/public/77/315/966715-47676-product_list.jpg", "unit_price_raw": "kr 277,22 per kg", "product_url": "https://kolonial.no/produkter/12286-tine-pultost-loiten-180g/", "kolonial_id": "12286"},
  {"category": "Brus", "category_list": ["Alle varer", "Drikkevarer", "Brus"], "title": "Lemon", "price": 39.9, "product_variant": "1 l", "quantity_info": [[1.0, "l"]], "image_url": "/media/uploads/public/293/216/630616-55a94-product_list.jpg", "unit_price_raw": "kr 39,90 per l", "product_url": "https://kolonial.no/produkter/10103-schweppes-lemon-1l/", "kolonial_id": "10103"},
  {"category": "Brus", "category_list": ["Alle varer", "Drikkevarer", "Brus"], "title": "Coca-Cola Regular", "price": 55.9, "product_variant": "4 x 0,33l, 1,32 l", "quantity_info": [[4.0, "x"], [0.33, "l"], [1.32, "l"]], "image_url": "/media/uploads/public/88/368/973968-2e663-product_list.jpg", "unit_price_raw": "kr 42,35 per l", "product_url": "https://kolonial.no/produkter/22732-coca-cola-coca-cola-regular-4-x-033l/", "kolonial_id": "22732"},
  {"category": "Hundemat", "category_list": ["Alle varer", "Dyremat", "Hundemat"], "title": "Grise\u00f8rer", "price": 64.6, "product_variant": "5 stk", "quantity_info": [[5.0, "stk"]], "image_url": "/media/uploads/public/46/306/971106-4f3eb-product_list.jpg", "unit_price_raw": "kr 12,92 per stk", "product_url": "https://kolonial.no/produkter/7441-bestevenn-griseorer-5-stk/", "kolonial_id": "7441"},
  {"category": "Taco", "category_list": ["Alle varer", "Pizza og taco", "Taco"], "title": "Taco Spice Mix 3 stk", "price": 13.9, "product_variant": "3 x 25g, 85 g", "quantity_info": [[3.0, "x"], [25.0, "g"], [85.0, "g"]], "image_url": "/media/uploads/public/16/322/972722-a930e-product_list.jpg", "unit_price_raw": "kr 163,53 per kg", "product_url": "https://kolonial.no/produkter/26560-old-el-paso-taco-spice-mix-3-stk-3-x-25g/", "kolonial_id": "26560"},
  {"category": "Melk", "category_list": ["Alle varer", "Melk, meieriprodukter og egg", "Melk"], "title": "Kefir", "price": 27.8, "product_variant": "\u00d8kologisk, 1 l", "quantity_info": [[1.0, "l"]], "image_url": "/media/uploads/public/52/230/145030-8b755-product_list.jpg", "unit_price_raw": "kr 27,80 per l", "product_url": "https://kolonial.no/produkter/12028-tine-kefir-okologisk-1l/", "kolonial_id": "12028"},
  {"category": "Krydder", "category_list": ["Alle varer", "Olje og krydder", "Krydder"], "title": "Gressl\u00f8k", "price": 31.2, "product_variant": "5 g", "quantity_info": [[5.0, "g"]], "image_url": "/media/uploads/public/14/8/965608-289e5-product_list.jpg", "unit_price_raw": "kr 6240,00 per kg", "product_url": "https://kolonial.no/produkter/6055-toro-gresslok-5g/", "kolonial_id": "6055"},
  {"category": "Helsekost", "category_list": ["Alle varer", "Legemidler og helsekost", "Helsekost"], "title": "S\u00e5r Hals med R\u00e5melk", "price": 40.5, "product_variant": "20 stk", "quantity_info": [[20.0, "stk"]], "image_url": "/media/uploads/public/294/232/534632-faf6b-product_list.jpg", "unit_price_raw": "kr 2,03 per stk", "product_url": "https://kolonial.no/produkter/26382-curamed-sar-hals-med-ramelk/", "kolonial_id": "26382"},
  {"category": "Bind og tamponger", "category_list": ["Alle varer", "Hygieneartikler", "Bind og tamponger"], "title": "Pro Comfort Super Plus", "price": 21.9, "product_variant": "16 stk", "quantity_info": [[16.0, "stk"]], "image_url": "/media/uploads/public/34/302/1007902-6cd60-product_list.jpg", "unit_price_raw": "kr 1,37 per stk", "product_url": "https://kolonial.no/produkter/13033-ob-procomfort-super-plus-16-stk/", "kolonial_id": "13033"},
  {"category": "Bind og tamponger", "category_list": ["Alle varer", "Hygieneartikler", "Bind og tamponger"], "title": "Tamponger Super", "price": 23.3, "product_variant": "16 stk", "quantity_info": [[16.0, "stk"]], "image_url": "/media/uploads/public/378/382/998782-90bd7-product_list.jpg", "unit_price_raw": "kr 1,46 per stk", "product_url": "https://kolonial.no/produkter/7039-libresse-tamponger-super-16-stk/", "kolonial_id": "7039"},
  {"category": "Shampo og h\u00e5rprodukter", "category_list": ["Alle varer", "Shampo, s\u00e5pe og krem", "Shampo og h\u00e5rprodukter"], "title": "Minerals Coconut Shampo", "price": 29.2, "product_variant": "0,25 l", "quantity_info": [[0.25, "l"]], "image_url": "/media/uploads/public/348/297/973497-87e25-product_list.jpg", "unit_price_raw": "kr 116,80 per l", "product_url": "https://kolonial.no/produkter/27380-sunsilk-minerals-coconut-shampo/", "kolonial_id": "27380"},
  {"category": "Gulost", "category_list": ["Alle varer", "Oster", "Gulost"], "title": "Gouda Laktosefri Skivet 125", "price": 47.8, "product_variant": "125 g", "quantity_info": [[125.0, "g"]], "image_url": "/media/uploads/public/72/40/970040-e5ee5-product_list.jpg", "unit_price_raw": "kr 382,40 per kg", "product_url": "https://kolonial.no/produkter/18673-gouda-laktosefri-skivet-125/", "kolonial_id": "18673"},
  {"category": "Fryst pizza", "category_list": ["Alle varer", "Pizza og taco", "Fryst pizza"], "title": "Ristorante Salame", "price": 46.4, "product_variant": "Glutenfri, 315 g", "quantity_info": [[315.0, "g"]], "image_url": "/media/uploads/public/113/253/156653-7e08d-product_list.jpg", "unit_price_raw": "kr 147,30 per kg", "product_url": "https://kolonial.no/produkter/25217-dr-oetker-ristorante-salame-glutenfri/", "kolonial_id": "25217"},
  {"category": "Tannpleie", "category_list": ["Alle varer", "Hygieneartikler", "Tannpleie"], "title": "Tannkrem Perfect White Black", "price": 62.7, "product_variant": "Fresh Mint, 100 ml", "quantity_info": [[100.0, "ml"]], "image_url": "/media/uploads/public/343/294/143094-d6377-product_list.jpg", "unit_price_raw": "kr 627,00 per l", "product_url": "https://kolonial.no/produkter/24296-berverly-hills-formula-tannkrem-perfect-white-blac/", "kolonial_id": "24296"},
  {"category": "Vaskemidler", "category_list": ["Alle varer", "T\u00f8rkepapir og vaskemidler", "Vaskemidler"], "title": "Plumbo", "price": 64.0, "product_variant": "Pulver, 600 g", "quantity_info": [[600.0, "g"]], "image_url": "/media/uploads/public/86/37/964437-fd1bc-product_list.jpg", "unit_price_raw": "kr 106,67 per kg", "product_url": "https://kolonial.no/produkter/649-plumbo-plumbo-pulver-600g/", "kolonial_id": "649"},
  {"category": "Frossen fisk og sj\u00f8mat", "category_list": ["Alle varer", "Fisk og sj\u00f8mat", "Frossen fisk og sj\u00f8mat"], "title": "Pangasiusfilet", "price": 54.6, "product_variant": "900 g", "quantity_info": [[900.0, "g"]], "image_url": "/media/uploads/public/28/301/971501-33dc0-product_list.jpg", "unit_price_raw": "kr 60,67 per kg", "product_url": "https://kolonial.no/produkter/23812-godehav-pangasiusfilet/", "kolonial_id": "23812"},
  {"category": "Frossen fisk og sj\u00f8mat", "category_list": ["Alle varer", "Fisk og sj\u00f8mat", "Frossen fisk og sj\u00f8mat"], "title": "Scampi Kokt Med Hale", "price": 89.5, "product_variant": "400 g", "quantity_info": [[400.0, "g"]], "image_url": "/media/uploads/public/373/109/970909-257cc-product_list.jpg", "unit_price_raw": "kr 223,75 per kg", "product_url": "https://kolonial.no/produkter/3301-godehav-scampi-kokt-med-hale-500g/", "kolonial_id": "3301"},
  {"category": "Baketilbeh\u00f8r", "category_list": ["Alle varer", "Mel og bakeingredienser", "Baketilbeh\u00f8r"], "title": "Daim Str\u00f8ssel", "price": 29.6, "product_variant": "100 g", "quantity_info": [[100.0, "g"]], "image_url": "/media/uploads/public/240/306/964706-71a24-product_list.jpg", "unit_price_raw": "kr 296,00 per kg", "product_url": "https://kolonial.no/produkter/7237-freia-daim-strossel-100g/", "kolonial_id": "7237"},
  {"category": "Klesvask", "category_list": ["Alle varer", "T\u00f8rkepapir og vaskemidler", "Klesvask"], "title": "Flytende Vask Hvitt", "price": 31.7, "product_variant": "1 l", "quantity_info": [[1.0, "l"]], "image_url": "/media/uploads/public/157/335/164735-b3e66-product_list.jpg", "unit_price_raw": "kr 31,70 per l", "product_url": "https://kolonial.no/produkter/24997-rema-1000-flytende-vask-hvitt/", "kolonial_id": "24997"},
  {"category": "Oljer og dressinger", "category_list": ["Alle varer", "Olje og krydder", "Oljer og dressinger"], "title": "Soyasaus Mindre Salt", "price": 33.9, "product_variant": "150 ml", "quantity_info": [[150.0, "ml"]], "image_url": "/media/uploads/public/147/128/965328-ffc81-product_list.jpg", "unit_price_raw": "kr 226,00 per l", "product_url": "https://kolonial.no/produkter/10649-kikkoman-soyasaus-mindre-salt-150ml/", "kolonial_id": "10649"},
  {"category": "Ferdigmikser", "category_list": ["Alle varer", "Mel og bakeingredienser", "Ferdigmikser"], "title": "Dessert Panna Cotta", "price": 31.4, "product_variant": "84 g", "quantity_info": [[84.0, "g"]], "image_url": "/media/uploads/public/96/54/155254-63821-product_list.jpg", "unit_price_raw": "kr 373,81 per kg", "product_url": "https://kolonial.no/produkter/25068-toro-dessert-panna-cotta/", "kolonial_id": "25068"},
  {"category": "Tyggis og pastiller", "category_list": ["Alle varer", "Snacks og godteri", "Tyggis og pastiller"], "title": "Dent Eukalyptus", "price": 17.4, "product_variant": "24 g", "quantity_info": [[24.0, "g"]], "image_url": "/media/uploads/public/85/238/1021438-5dcab-product_list.jpg", "unit_price_raw": "kr 725,00 per kg", "product_url": "https://kolonial.no/produkter/15456-dent-eukalyptus/", "kolonial_id": "15456"},
  {"category": "Frokostblandinger og gryn", "category_list": ["Alle varer", "Br\u00f8d og frokostblandinger", "Frokostblandinger og gryn"], "title": "The Ultimate M\u00fcsli", "price": 97.8, "product_variant": "\u00d8kologisk, 500 g", "quantity_info": [[500.0, "g"]], "image_url": "/media/uploads/public/0/166/12566-d2856-product_list.jpg", "unit_price_raw": "kr 195,60 per kg", "product_url": "https://kolonial.no/produkter/9602-rude-health-ultimate-musli-okologisk-500g/", "kolonial_id": "9602"},
  {"category": "Frokostblandinger og gryn", "category_list": ["Alle varer", "Br\u00f8d og frokostblandinger", "Frokostblandinger og gryn"], "title": "Strawberry & Raspberry Granola", "price": 82.3, "product_variant": "\u00d8kologisk, 500 g", "quantity_info": [[500.0, "g"]], "image_url": "/media/uploads/public/165/0/128800-a9ace-product_list.jpg", "unit_price_raw": "kr 164,60 per kg", "product_url": "https://kolonial.no/produkter/23515-rude-health-strawberry-raspberry-granola-okologisk/", "kolonial_id": "23515"},
  {"category": "Supper", "category_list": ["Alle varer", "Middager og tilbeh\u00f8r", "Supper"], "title": "Fiskesuppe", "price": 49.0, "product_variant": "1,2 kg", "quantity_info": [[1.2, "kg"]], "image_url": "/media/uploads/public/98/28/513228-6a942-product_list.jpg", "unit_price_raw": "kr 40,83 per kg", "product_url": "https://kolonial.no/produkter/24509-rema-1000-fiskesuppe/", "kolonial_id": "24509"},
  {"category": "Knekkebr\u00f8d", "category_list": ["Alle varer", "Br\u00f8d og frokostblandinger", "Knekkebr\u00f8d"], "title": "Frukost Knekkebr\u00f8d", "price": 13.4, "product_variant": "240 g", "quantity_info": [[240.0, "g"]], "image_url": "/media/uploads/public/339/358/973558-6c7f2-product_list.jpg", "unit_price_raw": "kr 55,83 per kg", "product_url": "https://kolonial.no/produkter/2068-wasa-frukost-knekkebrod-240g/", "kolonial_id": "2068"},
  {"category": "Langtidsholdbare br\u00f8d", "category_list": ["Alle varer", "Br\u00f8d og frokostblandinger", "Langtidsholdbare br\u00f8d"], "title": "Bagels Sesam", "price": 25.0, "product_variant": "4 pk, 340 g", "quantity_info": [[4.0, "pk"], [340.0, "g"]], "image_url": "/media/uploads/public/351/388/1015588-1ac9b-product_list.jpg", "unit_price_raw": "kr 73,53 per kg", "product_url": "https://kolonial.no/produkter/16335-bagels-sesam-4-pk/", "kolonial_id": "16335"},
  {"category": "Pasta og nudler", "category_list": ["Alle varer", "Middager og tilbeh\u00f8r", "Pasta og nudler"], "title": "Makaroni Snarkokt", "price": 18.6, "product_variant": "650 g", "quantity_info": [[650.0, "g"]], "image_url": "/media/uploads/public/115/45/965645-650af-product_list.jpg", "unit_price_raw": "kr 28,62 per kg", "product_url": "https://kolonial.no/produkter/698-sopps-makaroni-snarkokt-650g/", "kolonial_id": "698"},
  {"category": "Hermetisert frukt og gr\u00f8nt", "category_list": ["Alle varer", "Frukt og gr\u00f8nt", "Hermetisert frukt og gr\u00f8nt"], "title": "S\u00f8lvl\u00f8k", "price": 19.3, "product_variant": "370 g", "quantity_info": [[370.0, "g"]], "image_url": "/media/uploads/public/338/264/968664-9997e-product_list.jpg", "unit_price_raw": "kr 52,16 per kg", "product_url": "https://kolonial.no/produkter/16380-rema-1000-solvlok/", "kolonial_id": "16380"},
  {"category": "Hermetisert frukt og gr\u00f8nt", "category_list": ["Alle varer", "Frukt og gr\u00f8nt", "Hermetisert frukt og gr\u00f8nt"], "title": "Agurkmiks", "price": 25.0, "product_variant": "360 g", "quantity_info": [[360.0, "g"]], "image_url": "/media/uploads/public/379/314/965114-d4ae6-product_list.jpg", "unit_price_raw": "kr 69,44 per kg", "product_url": "https://kolonial.no/produkter/13171-rema-1000-agurkmiks-360g/", "kolonial_id": "13171"},
  {"category": "Ferdige middagsretter", "category_list": ["Alle varer", "Middager og tilbeh\u00f8r", "Ferdige middagsretter"], "title": "Kj\u00f8ttkaker med Ertestuing", "price": 58.9, "product_variant": "605 g", "quantity_info": [[605.0, "g"]], "image_url": "/media/uploads/public/196/82/628482-f8637-product_list.jpg", "unit_price_raw": "kr 97,36 per kg", "product_url": "https://kolonial.no/produkter/26870-fjordland-kjottkaker-med-ertestuing/", "kolonial_id": "26870"},
  {"category": "Ferdigsauser", "category_list": ["Alle varer", "Middager og tilbeh\u00f8r", "Ferdigsauser"], "title": "Sambal Oelek", "price": 29.9, "product_variant": "200 g", "quantity_info": [[200.0, "g"]], "image_url": "/media/uploads/public/93/358/996358-e3219-product_list.jpg", "unit_price_raw": "kr 149,50 per kg", "product_url": "https://kolonial.no/produkter/16582-santa-maria-sambal-oelek/", "kolonial_id": "16582"},
  {"category": "P\u00f8lser", "category_list": ["Alle varer", "Kj\u00f8tt og kylling", "P\u00f8lser"], "title": "Ostegrill Kylling & Kalkun", "price": 34.9, "product_variant": "265 g", "quantity_info": [[265.0, "g"]], "image_url": "/media/uploads/public/156/309/1007909-2f5a9-product_list.jpg", "unit_price_raw": "kr 131,70 per kg", "product_url": "https://kolonial.no/produkter/18106-solvinge-ostegrill-kylling-kalkun/", "kolonial_id": "18106"},
  {"category": "P\u00f8lser", "category_list": ["Alle varer", "Kj\u00f8tt og kylling", "P\u00f8lser"], "title": "R\u00f8kte Kj\u00f8ttp\u00f8lser", "price": 40.0, "product_variant": "4 stk, 520 g", "quantity_info": [[4.0, "stk"], [520.0, "g"]], "image_url": "/media/uploads/public/368/120/188120-6ae38-product_list.jpg", "unit_price_raw": "kr 76,92 per kg", "product_url": "https://kolonial.no/produkter/17884-finsbraten-rokte-kjottpolser-4-stk/", "kolonial_id": "17884"},
  {"category": "Gr\u00f8nnsaker", "category_list": ["Alle varer", "Frukt og gr\u00f8nt", "Gr\u00f8nnsaker"], "title": "Gul L\u00f8k", "price": 17.4, "product_variant": "Norge, 4 stk", "quantity_info": [[4.0, "stk"]], "image_url": "/media/uploads/public/349/25/642825-1ad38-product_list.jpg", "unit_price_raw": "kr 27,62 per kg", "product_url": "https://kolonial.no/produkter/9440-gul-lok-norge/", "kolonial_id": "9440"},
  {"category": "Frukt", "category_list": ["Alle varer", "Frukt og gr\u00f8nt", "Frukt"], "title": "Klementiner i Nett", "price": 37.9, "product_variant": "V\u00e5r laveste Pris Spania, 2 kg", "quantity_info": [[2.0, "kg"]], "image_url": "/media/uploads/public/25/0/998800-da465-product_list.jpg", "unit_price_raw": "kr 18,95 per kg", "product_url": "https://kolonial.no/produkter/27020-klementiner-i-nett-spania/", "kolonial_id": "27020"},
  {"category": "Middagstilbeh\u00f8r", "category_list": ["Alle varer", "Middager og tilbeh\u00f8r", "Middagstilbeh\u00f8r"], "title": "Fl\u00f8tegratinerte Poteter", "price": 36.0, "product_variant": "750 g", "quantity_info": [[750.0, "g"]], "image_url": "/media/uploads/public/123/93/296093-7ac18-product_list.jpg", "unit_price_raw": "kr 48,00 per kg", "product_url": "https://kolonial.no/produkter/25440-rema-1000-flotegratinerte-poteter/", "kolonial_id": "25440"},
  {"category": "Middagsglass", "category_list": ["Alle varer", "Barneprodukter", "Middagsglass"], "title": "Fiskegrateng", "price": 20.1, "product_variant": "Fra 12 mnd, 190 g", "quantity_info": [[12.0, "mnd"], [190.0, "g"]], "image_url": "/media/uploads/public/0/344/46744-d6d25-product_list.jpg", "unit_price_raw": "kr 105,79 per kg", "product_url": "https://kolonial.no/produkter/1903-semper-fiskegrateng-fra-12-mnd/", "kolonial_id": "1903"},
  {"category": "Snus", "category_list": ["Alle varer", "Snus og tobakk", "Snus"], "title": "General Strong White Portion", "price": 93.6, "product_variant": "21,6 g", "quantity_info": [[21.6, "g"]], "image_url": "https://kolonial.no/static/products/img/placeholder.bffcea8d3530.png", "unit_price_raw": "kr 4333,33 per kg", "product_url": "https://kolonial.no/produkter/17659-general-general-strong-white-portion/", "kolonial_id": "17659"},
  {"category": "Syltet\u00f8y", "category_list": ["Alle varer", "P\u00e5legg", "Syltet\u00f8y"], "title": "Nypesyltet\u00f8y Heimefr\u00e5", "price": 33.9, "product_variant": "360 g", "quantity_info": [[360.0, "g"]], "image_url": "/media/uploads/public/211/155/972555-4afac-product_list.jpg", "unit_price_raw": "kr 94,17 per kg", "product_url": "https://kolonial.no/produkter/26320-lerum-nypesyltetoy-heimefra/", "kolonial_id": "26320"},
  {"category": "Syltet\u00f8y", "category_list": ["Alle varer", "P\u00e5legg", "Syltet\u00f8y"], "title": "Appelsin Heimefr\u00e5", "price": 30.9, "product_variant": "360 g", "quantity_info": [[360.0, "g"]], "image_url": "/media/uploads/public/304/151/972551-9a1a1-product_list.jpg", "unit_price_raw": "kr 85,83 per kg", "product_url": "https://kolonial.no/produkter/26325-lerum-appelsin-heimefra/", "kolonial_id": "26325"},
  {"category": "Spekemat og salami", "category_list": ["Alle varer", "P\u00e5legg", "Spekemat og salami"], "title": "Strynskinke", "price": 49.6, "product_variant": "150 g", "quantity_info": [[150.0, "g"]], "image_url": "/media/uploads/public/74/223/156623-25672-product_list.jpg", "unit_price_raw": "kr 330,67 per kg", "product_url": "https://kolonial.no/produkter/4768-nordfjord-strynskinke-150g/", "kolonial_id": "4768"},
  {"category": "Kattemat", "category_list": ["Alle varer", "Dyremat", "Kattemat"], "title": "Kylling", "price": 18.7, "product_variant": "60 g", "quantity_info": [[60.0, "g"]], "image_url": "/media/uploads/public/198/306/965906-a0138-product_list.jpg", "unit_price_raw": "kr 311,67 per kg", "product_url": "https://kolonial.no/produkter/5704-dreamies-kylling-60g/", "kolonial_id": "5704"},
  {"category": "Fl\u00f8te og r\u00f8mmeprodukter", "category_list": ["Alle varer", "Melk, meieriprodukter og egg", "Fl\u00f8te og r\u00f8mmeprodukter"], "title": "Alternativ til Kremfl\u00f8te", "price": 30.3, "product_variant": "250 ml", "quantity_info": [[250.0, "ml"]], "image_url": "/media/uploads/public/380/170/370170-c1cb9-product_list.jpg", "unit_price_raw": "kr 121,20 per l", "product_url": "https://kolonial.no/produkter/20476-alpro-alternativ-til-kremflote/", "kolonial_id": "20476"},
  {"category": "Fl\u00f8te og r\u00f8mmeprodukter", "category_list": ["Alle varer", "Melk, meieriprodukter og egg", "Fl\u00f8te og r\u00f8mmeprodukter"], "title": "Fl\u00f8te Kokestabil 20%", "price": 69.9, "product_variant": "1 l", "quantity_info": [[1.0, "l"]], "image_url": "/media/uploads/public/0/213/23413-89ff1-product_list.jpg", "unit_price_raw": "kr 69,90 per l", "product_url": "https://kolonial.no/produkter/12838-tine-flote-kokestabil-20-1l/", "kolonial_id": "12838"},
  {"category": "Yoghurt", "category_list": ["Alle varer", "Melk, meieriprodukter og egg", "Yoghurt"], "title": "Gresk Yoghurt Vanilje & Granola", "price": 26.1, "product_variant": "165 g", "quantity_info": [[165.0, "g"]], "image_url": "/media/uploads/public/290/25/971625-d5d57-product_list.jpg", "unit_price_raw": "kr 158,18 per kg", "product_url": "https://kolonial.no/produkter/3535-synnove-gresk-yoghurt-vanilje-granola-165g/", "kolonial_id": "3535"},
  {"category": "Sm\u00f8r og margarin", "category_list": ["Alle varer", "Melk, meieriprodukter og egg", "Sm\u00f8r og margarin"], "title": "Plantemargarin", "price": 13.8, "product_variant": "400 g", "quantity_info": [[400.0, "g"]], "image_url": "/media/uploads/public/4/67/1018867-7c44e-product_list.jpg", "unit_price_raw": "kr 34,50 per kg", "product_url": "https://kolonial.no/produkter/8766-rema-1000-plantemargarin/", "kolonial_id": "8766"},
  {"category": "Te", "category_list": ["Alle varer", "Drikkevarer", "Te"], "title": "Green Collection", "price": 60.9, "product_variant": "20 stk", "quantity_info": [[20.0, "stk"]], "image_url": "/media/uploads/public/189/260/525460-1313b-product_list.jpg", "unit_price_raw": "kr 3,05 per stk", "product_url": "https://kolonial.no/produkter/26375-pukka-green-collection/", "kolonial_id": "26375"},
  {"category": "Kaffe", "category_list": ["Alle varer", "Drikkevarer", "Kaffe"], "title": "Dolce Gusto Americano", "price": 58.4, "product_variant": "16 kapsler, 1 stk", "quantity_info": [[16.0, "kapsler"], [1.0, "stk"]], "image_url": "/media/uploads/public/123/16/966016-86c40-product_list.jpg", "unit_price_raw": "kr 58,40 per stk", "product_url": "https://kolonial.no/produkter/1639-nescafe-dolce-gusto-americano-16-kapsler/", "kolonial_id": "1639"},
  {"category": "Saft", "category_list": ["Alle varer", "Drikkevarer", "Saft"], "title": "Sprett Epledrikk", "price": 14.7, "product_variant": "250 ml", "quantity_info": [[250.0, "ml"]], "image_url": "/media/uploads/public/78/395/968395-f8470-product_list.jpg", "unit_price_raw": "kr 58,80 per l", "product_url": "https://kolonial.no/produkter/12070-tine-sprett-epledrikk-250ml/", "kolonial_id": "12070"},
  {"category": "Juice", "category_list": ["Alle varer", "Drikkevarer", "Juice"], "title": "Fresco", "price": 38.9, "product_variant": "Ananas, Eple & Mynte, 250 ml", "quantity_info": [[250.0, "ml"]], "image_url": "/media/uploads/public/368/382/973182-7aba2-product_list.jpg", "unit_price_raw": "kr 155,60 per l", "product_url": "https://kolonial.no/produkter/27332-juiceriet-fresco-ananas-eple-mynte/", "kolonial_id": "27332"},
  {"category": "Juice", "category_list": ["Alle varer", "Drikkevarer", "Juice"], "title": "Orango", "price": 27.9, "product_variant": "100% Appelsin, 250 ml", "quantity_info": [[100.0, "Appelsin"], [250.0, "ml"]], "image_url": "/media/uploads/public/59/235/973835-9d08d-product_list.jpg", "unit_price_raw": "kr 111,60 per l", "product_url": "https://kolonial.no/produkter/27334-juiceriet-orango-100-appelsin/", "kolonial_id": "27334"},
  {"category": "Vann og mineralvann", "category_list": ["Alle varer", "Drikkevarer", "Vann og mineralvann"], "title": "Bare Rent Vann", "price": 38.3, "product_variant": "Kanne, 5 l", "quantity_info": [[5.0, "l"]], "image_url": "/media/uploads/public/17/160/186160-46211-product_list.jpg", "unit_price_raw": "kr 7,66 per l", "product_url": "https://kolonial.no/produkter/22822-grans-bryggeri-bare-rent-vann-kanne/", "kolonial_id": "22822"},
  {"category": "Spesialoster", "category_list": ["Alle varer", "Oster", "Spesialoster"], "title": "Camembert", "price": 48.5, "product_variant": "250 g", "quantity_info": [[250.0, "g"]], "image_url": "/media/uploads/public/359/266/973066-4641f-product_list.jpg", "unit_price_raw": "kr 194,00 per kg", "product_url": "https://kolonial.no/produkter/4726-camembert/", "kolonial_id": "4726"},
  {"category": "Brus", "category_list": ["Alle varer", "Drikkevarer", "Brus"], "title": "Coca-Cola Uten Sukker", "price": 98.9, "product_variant": "10 x 0,33l, 3,3 l", "quantity_info": [[10.0, "x"], [0.33, "l"], [3.3, "l"]], "image_url": "/media/uploads/public/76/338/963538-ed37b-product_list.jpg", "unit_price_raw": "kr 29,97 per l", "product_url": "https://kolonial.no/produkter/23592-coca-cola-coca-cola-zero-10-x-033l/", "kolonial_id": "23592"},
  {"category": "Hundemat", "category_list": ["Alle varer", "Dyremat", "Hundemat"], "title": "Bestevenn Hundemat", "price": 52.5, "product_variant": "5 kg", "quantity_info": [[5.0, "kg"]], "image_url": "/media/uploads/public/366/192/972192-252da-product_list.jpg", "unit_price_raw": "kr 10,50 per kg", "product_url": "https://kolonial.no/produkter/16389-rema-1000-bestevenn-hundemat/", "kolonial_id": "16389"},
  {"category": "Hundemat", "category_list": ["Alle varer", "Dyremat", "Hundemat"], "title": "Hundemat m/Okse", "price": 8.9, "product_variant": "300 g", "quantity_info": [[300.0, "g"]], "image_url": "/media/uploads/public/140/270/973870-e1070-product_list.jpg", "unit_price_raw": "kr 29,67 per kg", "product_url": "https://kolonial.no/produkter/5314-bestevenn-hundemat-kjott-150g/", "kolonial_id": "5314"},
  {"category": "Melk", "category_list": ["Alle varer", "Melk, meieriprodukter og egg", "Melk"], "title": "Litago Sjokolade", "price": 18.2, "product_variant": "Lettere, 0,5 l", "quantity_info": [[0.5, "l"]], "image_url": "/media/uploads/public/212/383/968383-3098f-product_list.jpg", "unit_price_raw": "kr 36,40 per l", "product_url": "https://kolonial.no/produkter/12049-tine-litago-sjokolade-lettere-05l/", "kolonial_id": "12049"},
  {"category": "Krydder", "category_list": ["Alle varer", "Olje og krydder", "Krydder"], "title": "Grillkrydder", "price": 39.6, "product_variant": "120 g", "quantity_info": [[120.0, "g"]], "image_url": "/media/uploads/public/349/301/965501-b33ad-product_list.jpg", "unit_price_raw": "kr 330,00 per kg", "product_url": "https://kolonial.no/produkter/6133-toro-grillkrydder-120g/", "kolonial_id": "6133"},
  {"category": "Krydder", "category_list": ["Alle varer", "Olje og krydder", "Krydder"], "title": "Gurkemeie", "price": 37.0, "product_variant": "70 g", "quantity_info": [[70.0, "g"]], "image_url": "/media/uploads/public/355/325/965525-923d3-product_list.jpg", "unit_price_raw": "kr 528,57 per kg", "product_url": "https://kolonial.no/produkter/6175-toro-gurkemeie-70g/", "kolonial_id": "6175"},
  {"category": "Helsekost", "category_list": ["Alle varer", "Legemidler og helsekost", "Helsekost"], "title": "Jern Tyggetablett", "price": 91.8, "product_variant": "90 tabletter, 1 stk", "quantity_info": [[90.0, "tabletter"], [1.0, "stk"]], "image_url": "/media/uploads/public/4/137/968537-52ce9-product_list.jpg", "unit_price_raw": "kr 91,80 per stk", "product_url": "https://kolonial.no/produkter/15798-collett-jern-tyggetablett-90-tabletter/", "kolonial_id": "15798"},
  {"category": "Bind og tamponger", "category_list": ["Alle varer", "Hygieneartikler", "Bind og tamponger"], "title": "Pro Comfort Super", "price": 14.1, "product_variant": "16 stk", "quantity_info": [[16.0, "stk"]], "image_url": "/media/uploads/public/82/296/1007896-4c5ad-product_list.jpg", "unit_price_raw": "kr 0,88 per stk", "product_url": "https://kolonial.no/produkter/855-ob-pro-comfort-super-16stk/", "kolonial_id": "855"},
  {"category": "Shampo og h\u00e5rprodukter", "category_list": ["Alle varer", "Shampo, s\u00e5pe og krem", "Shampo og h\u00e5rprodukter"], "title": "Minerals Coconut Balsam", "price": 29.2, "product_variant": "250 ml", "quantity_info": [[250.0, "ml"]], "image_url": "/media/uploads/public/221/229/973429-cc948-product_list.jpg", "unit_price_raw": "kr 116,80 per l", "product_url": "https://kolonial.no/produkter/27381-sunsilk-minerals-coconut-balsam/", "kolonial_id": "27381"},
  {"category": "Gulost", "category_list": ["Alle varer", "Oster", "Gulost"], "title": "Cheddar", "price": 46.5, "product_variant": "200 g", "quantity_info": [[200.0, "g"]], "image_url": "/media/uploads/public/42/397/966797-4f3c5-product_list.jpg", "unit_price_raw": "kr 232,50 per kg", "product_url": "https://kolonial.no/produkter/2350-ilchester-cheddar-200g/", "kolonial_id": "2350"},
  {"category": "Fryst pizza", "category_list": ["Alle varer", "Pizza og taco", "Fryst pizza"], "title": "Ristorante Mozzarella", "price": 46.4, "product_variant": "Glutenfri, 370 g", "quantity_info": [[370.0, "g"]], "image_url": "/media/uploads/public/390/251/156651-d20be-product_list.jpg", "unit_price_raw": "kr 125,41 per kg", "product_url": "https://kolonial.no/produkter/25218-dr-oetker-ristorante-mozzarella-glutenfri/", "kolonial_id": "25218"},
  {"category": "Fryst pizza", "category_list": ["Alle varer", "Pizza og taco", "Fryst pizza"], "title": "Ristorante Prosciutto", "price": 43.9, "product_variant": "330 g", "quantity_info": [[330.0, "g"]], "image_url": "/media/uploads/public/253/261/136261-1d2e1-product_list.jpg", "unit_price_raw": "kr 133,03 per kg", "product_url": "https://kolonial.no/produkter/23877-dr-oetker-ristorante-prosciutto/", "kolonial_id": "23877"},
  {"category": "Tannpleie", "category_list": ["Alle varer", "Hygieneartikler", "Tannpleie"], "title": "Sensodyne Original", "price": 29.8, "product_variant": "75 ml", "quantity_info": [[75.0, "ml"]], "image_url": "/media/uploads/public/309/67/296067-19197-product_list.jpg", "unit_price_raw": "kr 397,33 per l", "product_url": "https://kolonial.no/produkter/25466-sensodyne-sensodyne-original/", "kolonial_id": "25466"},
  {"category": "Frossen fisk og sj\u00f8mat", "category_list": ["Alle varer", "Fisk og sj\u00f8mat", "Frossen fisk og sj\u00f8mat"], "title": "Scampi R\u00e5 med Skall", "price": 68.5, "product_variant": "26/30, 400 g", "quantity_info": [[26.0, ""], [30.4, "g"]], "image_url": "/media/uploads/public/104/30/154830-ee495-product_list.jpg", "unit_price_raw": "kr 171,25 per kg", "product_url": "https://kolonial.no/produkter/3298-godehav-scampi-ra-med-skall-2630/", "kolonial_id": "3298"},
  {"category": "Baketilbeh\u00f8r", "category_list": ["Alle varer", "Mel og bakeingredienser", "Baketilbeh\u00f8r"], "title": "Sjokoladestr\u00f8ssel 4 Kammer", "price": 50.8, "product_variant": "120 g", "quantity_info": [[120.0, "g"]], "image_url": "/media/uploads/public/135/384/970384-82c03-product_list.jpg", "unit_price_raw": "kr 423,33 per kg", "product_url": "https://kolonial.no/produkter/21427-dr-oetker-sjokoladestrossel-4-kammer/", "kolonial_id": "21427"},
  {"category": "Klesvask", "category_list": ["Alle varer", "T\u00f8rkepapir og vaskemidler", "Klesvask"], "title": "Klar T\u00f8yvask", "price": 62.0, "product_variant": "750 ml", "quantity_info": [[750.0, "ml"]], "image_url": "/media/uploads/public/7/361/619161-d5871-product_list.jpg", "unit_price_raw": "kr 82,67 per l", "product_url": "https://kolonial.no/produkter/26642-klar-klar-toyvask/", "kolonial_id": "26642"},
  {"category": "Oljer og dressinger", "category_list": ["Alle varer", "Olje og krydder", "Oljer og dressinger"], "title": "Kikkoman Soyasaus", "price": 32.9, "product_variant": "150 ml", "quantity_info": [[150.0, "ml"]], "image_url": "/media/uploads/public/207/40/965240-df636-product_list.jpg", "unit_price_raw": "kr 219,33 per l", "product_url": "https://kolonial.no/produkter/548-kikkoman-kikkoman-soyasaus-015l/", "kolonial_id": "548"},
  {"category": "Ferdigmikser", "category_list": ["Alle varer", "Mel og bakeingredienser", "Ferdigmikser"], "title": "Toro Glasurmiks", "price": 18.6, "product_variant": "Til Ostekrem, 126 g", "quantity_info": [[126.0, "g"]], "image_url": "/media/uploads/public/210/48/972848-ce863-product_list.jpg", "unit_price_raw": "kr 147,62 per kg", "product_url": "https://kolonial.no/produkter/26825-toro-toro-glasurmiks-til-ostekrem/", "kolonial_id": "26825"},
  {"category": "Tyggis og pastiller", "category_list": ["Alle varer", "Snacks og godteri", "Tyggis og pastiller"], "title": "Salt Lakris", "price": 19.3, "product_variant": "24 g", "quantity_info": [[24.0, "g"]], "image_url": "/media/uploads/public/395/237/1021437-316be-product_list.jpg", "unit_price_raw": "kr 804,17 per kg", "product_url": "https://kolonial.no/produkter/15933-dent-salt-lakris/", "kolonial_id": "15933"},
  {"category": "Frokostblandinger og gryn", "category_list": ["Alle varer", "Br\u00f8d og frokostblandinger", "Frokostblandinger og gryn"], "title": "Coconut & Seed Muesli", "price": 67.9, "product_variant": "Glutenfri, 500 g", "quantity_info": [[500.0, "g"]], "image_url": "/media/uploads/public/378/398/128798-31e7f-product_list.jpg", "unit_price_raw": "kr 135,80 per kg", "product_url": "https://kolonial.no/produkter/23517-rude-health-coconut-seed-muesli-glutenfri/", "kolonial_id": "23517"},
  {"category": "Frokostblandinger og gryn", "category_list": ["Alle varer", "Br\u00f8d og frokostblandinger", "Frokostblandinger og gryn"], "title": "Superfr\u00f8 Muesli", "price": 67.9, "product_variant": "\u00d8kologisk, 500 g", "quantity_info": [[500.0, "g"]], "image_url": "/media/uploads/public/305/399/128799-4e5f7-product_list.jpg", "unit_price_raw": "kr 135,80 per kg", "product_url": "https://kolonial.no/produkter/23516-rude-health-superfro-muesli-okologisk/", "kolonial_id": "23516"},
  {"category": "Frosne br\u00f8d og rundstykker", "category_list": ["Alle varer", "Br\u00f8d og frokostblandinger", "Frosne br\u00f8d og rundstykker"], "title": "Fiberbr\u00f8d", "price": 58.5, "product_variant": "Glutenfri, 500 g", "quantity_info": [[500.0, "g"]], "image_url": "/media/uploads/public/4/143/966943-be92a-product_list.jpg", "unit_price_raw": "kr 117,00 per kg", "product_url": "https://kolonial.no/produkter/9809-fria-fiberbrod-glutenfri/", "kolonial_id": "9809"},
  {"category": "Frosne br\u00f8d og rundstykker", "category_list": ["Alle varer", "Br\u00f8d og frokostblandinger", "Frosne br\u00f8d og rundstykker"], "title": "Glutenfri Havrebr\u00f8d", "price": 50.2, "product_variant": "6 stk, 500 g", "quantity_info": [[6.0, "stk"], [500.0, "g"]], "image_url": "/media/uploads/public/272/19/970819-197a4-product_list.jpg", "unit_price_raw": "kr 100,40 per kg", "product_url": "https://kolonial.no/produkter/15753-brisk-glutenfri-havrebrod-6-stk/", "kolonial_id": "15753"},
  {"category": "Supper", "category_list": ["Alle varer", "Middager og tilbeh\u00f8r", "Supper"], "title": "Thaisuppe", "price": 49.9, "product_variant": "1 kg", "quantity_info": [[1.0, "kg"]], "image_url": "/media/uploads/public/323/281/146281-846db-product_list.jpg", "unit_price_raw": "kr 49,90 per kg", "product_url": "https://kolonial.no/produkter/24508-rema-1000-thaisuppe/", "kolonial_id": "24508"},
  {"category": "Knekkebr\u00f8d", "category_list": ["Alle varer", "Br\u00f8d og frokostblandinger", "Knekkebr\u00f8d"], "title": "Spelt & Chia", "price": 32.6, "product_variant": "230 g", "quantity_info": [[230.0, "g"]], "image_url": "/media/uploads/public/212/2/973602-d4021-product_list.jpg", "unit_price_raw": "kr 141,74 per kg", "product_url": "https://kolonial.no/produkter/27482-wasa-spelt-chia/", "kolonial_id": "27482"},
  {"category": "Pasta og nudler", "category_list": ["Alle varer", "Middager og tilbeh\u00f8r", "Pasta og nudler"], "title": "Uten Makaroni", "price": 27.7, "product_variant": "Glutenfri, 500 g", "quantity_info": [[500.0, "g"]], "image_url": "/media/uploads/public/339/137/972137-81c70-product_list.jpg", "unit_price_raw": "kr 55,40 per kg", "product_url": "https://kolonial.no/produkter/25257-rema-1000-uten-makaroni-glutenfri/", "kolonial_id": "25257"},
  {"category": "Ferdige middagsretter", "category_list": ["Alle varer", "Middager og tilbeh\u00f8r", "Ferdige middagsretter"], "title": "Pasta med Ost & Skinkesaus", "price": 60.9, "product_variant": "350 g", "quantity_info": [[350.0, "g"]], "image_url": "/media/uploads/public/307/80/628480-db569-product_list.jpg", "unit_price_raw": "kr 174,00 per kg", "product_url": "https://kolonial.no/produkter/26868-tine-pasta-med-ost-skinkesaus/", "kolonial_id": "26868"},
  {"category": "P\u00f8lser", "category_list": ["Alle varer", "Kj\u00f8tt og kylling", "P\u00f8lser"], "title": "Kj\u00f8ttp\u00f8lse Original", "price": 88.8, "product_variant": "1,2 kg", "quantity_info": [[1.2, "kg"]], "image_url": "/media/uploads/public/304/268/967068-561e3-product_list.jpg", "unit_price_raw": "kr 74,00 per kg", "product_url": "https://kolonial.no/produkter/3541-gilde-kjottpolse-original-12kg/", "kolonial_id": "3541"},
  {"category": "Gr\u00f8nnsaker", "category_list": ["Alle varer", "Frukt og gr\u00f8nt", "Gr\u00f8nnsaker"], "title": "Squash Gr\u00f8nn", "price": 17.7, "product_variant": "Spania, 1 stk", "quantity_info": [[1.0, "stk"]], "image_url": "/media/uploads/public/0/80/12080-bc115-product_list.jpg", "unit_price_raw": "kr 45,38 per kg", "product_url": "https://kolonial.no/produkter/9287-squash-gronn-spania/", "kolonial_id": "9287"},
  {"category": "Frukt", "category_list": ["Alle varer", "Frukt og gr\u00f8nt", "Frukt"], "title": "R\u00f8de Steinfrie Druer", "price": 19.9, "product_variant": "V\u00e5r Laveste Pris, Spania, 500 g", "quantity_info": [[500.0, "g"]], "image_url": "/media/uploads/public/342/174/1004974-7cc60-product_list.jpg", "unit_price_raw": "kr 39,80 per kg", "product_url": "https://kolonial.no/produkter/28052-rode-druer-var-laveste-pris-spania/", "kolonial_id": "28052"},
  {"category": "Frukt", "category_list": ["Alle varer", "Frukt og gr\u00f8nt", "Frukt"], "title": "Sm\u00e5 P\u00e6rer", "price": 16.9, "product_variant": "V\u00e5r Laveste Pris, Belgia, 1 kg", "quantity_info": [[1.0, "kg"]], "image_url": "/media/uploads/public/383/160/995760-20520-product_list.jpg", "unit_price_raw": "kr 16,90 per kg", "product_url": "https://kolonial.no/produkter/28023-sma-paerer-var-laveste-pris-belgia/", "kolonial_id": "28023"},
  {"category": "Middagstilbeh\u00f8r", "category_list": ["Alle varer", "Middager og tilbeh\u00f8r", "Middagstilbeh\u00f8r"], "title": "Ertestuing, Ferdig til oppvarming", "price": 29.9, "product_variant": "Norge, 500 g", "quantity_info": [[500.0, "g"]], "image_url": "/media/uploads/public/97/350/637150-c2e4b-product_list.jpg", "unit_price_raw": "kr 59,80 per kg", "product_url": "https://kolonial.no/produkter/26926-ertestuing-ferdig-til-oppvarming-n-orge/", "kolonial_id": "26926"},
  {"category": "Smoothie, yoghurt og mellomm\u00e5ltid", "category_list": ["Alle varer", "Barneprodukter", "Smoothie, yoghurt og mellomm\u00e5ltid"], "title": "Skumpinne Mais & Hirse", "price": 19.5, "product_variant": "40 g", "quantity_info": [[40.0, "g"]], "image_url": "/media/uploads/public/376/306/972706-9f513-product_list.jpg", "unit_price_raw": "kr 487,50 per kg", "product_url": "https://kolonial.no/produkter/21478-skumpinne-mais-hirse/", "kolonial_id": "21478"},
  {"category": "Middagsglass", "category_list": ["Alle varer", "Barneprodukter", "Middagsglass"], "title": "Eple", "price": 20.5, "product_variant": "Fra 4 mnd, 125 g", "quantity_info": [[4.0, "mnd"], [125.0, "g"]], "image_url": "/media/uploads/public/179/357/142357-72c35-product_list.jpg", "unit_price_raw": "kr 164,00 per kg", "product_url": "https://kolonial.no/produkter/23983-hipp-eple-fra-4-mnd/", "kolonial_id": "23983"},
  {"category": "Middagsglass", "category_list": ["Alle varer", "Barneprodukter", "Middagsglass"], "title": "Hipp Gulrot", "price": 15.6, "product_variant": "Fra 4 mnd, 125 g", "quantity_info": [[4.0, "mnd"], [125.0, "g"]], "image_url": "/media/uploads/public/385/221/374621-b1cf6-product_list.jpg", "unit_price_raw": "kr 124,80 per kg", "product_url": "https://kolonial.no/produkter/25833-hipp-hipp-gulrot-fra-4-mnd/", "kolonial_id": "25833"},
  {"category": "Snus", "category_list": ["Alle varer", "Snus og tobakk", "Snus"], "title": "N&J Crushed Ice White Xtra Strong White Portion", "price": 94.6, "product_variant": "White Ex Strong, 0,02 kg", "quantity_info": [[0.02, "kg"]], "image_url": "https://kolonial.no/static/products/img/placeholder.bffcea8d3530.png", "unit_price_raw": "kr 4730,00 per kg", "product_url": "https://kolonial.no/produkter/17677-nick-johnny-nj-crushed-ice-white-xtra-strong-white/", "kolonial_id": "17677"},
  {"category": "Syltet\u00f8y", "category_list": ["Alle varer", "P\u00e5legg", "Syltet\u00f8y"], "title": "Bringeb\u00e6r Heimefr\u00e5", "price": 33.3, "product_variant": "360 g", "quantity_info": [[360.0, "g"]], "image_url": "/media/uploads/public/343/158/972558-abfef-product_list.jpg", "unit_price_raw": "kr 92,50 per kg", "product_url": "https://kolonial.no/produkter/26323-lerum-bringebaer-heimefra/", "kolonial_id": "26323"},
  {"category": "Syltet\u00f8y", "category_list": ["Alle varer", "P\u00e5legg", "Syltet\u00f8y"], "title": "Solb\u00e6rsyltet\u00f8y Heimefr\u00e5", "price": 37.9, "product_variant": "360 g", "quantity_info": [[360.0, "g"]], "image_url": "/media/uploads/public/391/141/972541-a6410-product_list.jpg", "unit_price_raw": "kr 105,28 per kg", "product_url": "https://kolonial.no/produkter/26318-lerum-solbaersyltetoy-heimefra/", "kolonial_id": "26318"},
  {"category": "Spekemat og salami", "category_list": ["Alle varer", "P\u00e5legg", "Spekemat og salami"], "title": "Familiens Spekeskinke", "price": 29.9, "product_variant": "80 g", "quantity_info": [[80.0, "g"]], "image_url": "/media/uploads/public/199/217/979417-bcedf-product_list.jpg", "unit_price_raw": "kr 373,75 per kg", "product_url": "https://kolonial.no/produkter/27915-gilde-familiens-spekeskinke/", "kolonial_id": "27915"},
  {"category": "Kattemat", "category_list": ["Alle varer", "Dyremat", "Kattemat"], "title": "Laks", "price": 19.3, "product_variant": "60 g", "quantity_info": [[60.0, "g"]], "image_url": "/media/uploads/public/392/307/965907-f9164-product_list.jpg", "unit_price_raw": "kr 321,67 per kg", "product_url": "https://kolonial.no/produkter/5710-dreamies-laks-60g/", "kolonial_id": "5710"},
  {"category": "Fl\u00f8te og r\u00f8mmeprodukter", "category_list": ["Alle varer", "Melk, meieriprodukter og egg", "Fl\u00f8te og r\u00f8mmeprodukter"], "title": "Kremfl\u00f8te", "price": 46.9, "product_variant": "1 l", "quantity_info": [[1.0, "l"]], "image_url": "/media/uploads/public/0/103/19303-d5e7a-product_list.jpg", "unit_price_raw": "kr 46,90 per l", "product_url": "https://kolonial.no/produkter/12340-tine-kremflote-1l/", "kolonial_id": "12340"},
  {"category": "Yoghurt", "category_list": ["Alle varer", "Melk, meieriprodukter og egg", "Yoghurt"], "title": "Gresk Yoghurt Sitron", "price": 19.3, "product_variant": "150 g", "quantity_info": [[150.0, "g"]], "image_url": "/media/uploads/public/112/323/969123-fd6b0-product_list.jpg", "unit_price_raw": "kr 128,67 per kg", "product_url": "https://kolonial.no/produkter/17515-synnove-gresk-yoghurt-sitron/", "kolonial_id": "17515"},
  {"category": "Yoghurt", "category_list": ["Alle varer", "Melk, meieriprodukter og egg", "Yoghurt"], "title": "Gresk Yoghurt Jordb\u00e6r", "price": 20.1, "product_variant": "150 g", "quantity_info": [[150.0, "g"]], "image_url": "/media/uploads/public/198/223/969823-faf5d-product_list.jpg", "unit_price_raw": "kr 134,00 per kg", "product_url": "https://kolonial.no/produkter/3529-synnove-gresk-yoghurt-jordbaer/", "kolonial_id": "3529"},
  {"category": "Sm\u00f8r og margarin", "category_list": ["Alle varer", "Melk, meieriprodukter og egg", "Sm\u00f8r og margarin"], "title": "Flott Matfett", "price": 49.6, "product_variant": "500 g", "quantity_info": [[500.0, "g"]], "image_url": "/media/uploads/public/387/8/969208-f059f-product_list.jpg", "unit_price_raw": "kr 99,20 per kg", "product_url": "https://kolonial.no/produkter/17869-mills-flott-matfett/", "kolonial_id": "17869"},
  {"category": "Te", "category_list": ["Alle varer", "Drikkevarer", "Te"], "title": "Pukka Elegant English Breakfast", "price": 65.3, "product_variant": "20 stk", "quantity_info": [[20.0, "stk"]], "image_url": "/media/uploads/public/0/160/42160-d1eb7-product_list.jpg", "unit_price_raw": "kr 3,27 per stk", "product_url": "https://kolonial.no/produkter/16600-pukka-pukka-elegant-english-breakfast/", "kolonial_id": "16600"},
  {"category": "Kaffe", "category_list": ["Alle varer", "Drikkevarer", "Kaffe"], "title": "Dolce Gusto Mollbergs", "price": 58.4, "product_variant": "16 kapsler, 16 stk", "quantity_info": [[16.0, "kapsler"], [16.0, "stk"]], "image_url": "/media/uploads/public/313/385/965985-23247-product_list.jpg", "unit_price_raw": "kr 3,65 per stk", "product_url": "https://kolonial.no/produkter/5584-dolce-gusto-dolce-gusto-mollbergs-16-kapsler/", "kolonial_id": "5584"},
  {"category": "Saft", "category_list": ["Alle varer", "Drikkevarer", "Saft"], "title": "Kuli Eple", "price": 16.4, "product_variant": "0,2 l", "quantity_info": [[0.2, "l"]], "image_url": "/media/uploads/public/120/357/968357-8fca5-product_list.jpg", "unit_price_raw": "kr 82,00 per l", "product_url": "https://kolonial.no/produkter/7954-coca-cola-kuli-eple-020l/", "kolonial_id": "7954"},
  {"category": "Saft", "category_list": ["Alle varer", "Drikkevarer", "Saft"], "title": "Solrik Jordb\u00e6r & Appelsin", "price": 15.8, "product_variant": "0,25 l", "quantity_info": [[0.25, "l"]], "image_url": "/media/uploads/public/0/328/20728-e3438-product_list.jpg", "unit_price_raw": "kr 63,20 per l", "product_url": "https://kolonial.no/produkter/12637-solrik-jordbaer-tetra/", "kolonial_id": "12637"},
  {"category": "Juice", "category_list": ["Alle varer", "Drikkevarer", "Juice"], "title": "Sunniva Original Appelsinjuice", "price": 17.4, "product_variant": "250 ml", "quantity_info": [[250.0, "ml"]], "image_url": "/media/uploads/public/270/112/142512-80f1e-product_list.jpg", "unit_price_raw": "kr 69,60 per l", "product_url": "https://kolonial.no/produkter/2446-sunniva-sunniva-original-appelsinjuice/", "kolonial_id": "2446"},
  {"category": "Vann og mineralvann", "category_list": ["Alle varer", "Drikkevarer", "Vann og mineralvann"], "title": "Prima Vann med Kullsyre Naturell", "price": 10.9, "product_variant": "1,5 l", "quantity_info": [[1.5, "l"]], "image_url": "/media/uploads/public/246/111/188111-27728-product_list.jpg", "unit_price_raw": "kr 7,27 per l", "product_url": "https://kolonial.no/produkter/25256-rema-1000-prima-vann-med-kullsyre-naturell/", "kolonial_id": "25256"},
  {"category": "Spesialoster", "category_list": ["Alle varer", "Oster", "Spesialoster"], "title": "Cheddar Engelsk", "price": 63.2, "product_variant": "Skivet, 150 g", "quantity_info": [[150.0, "g"]], "image_url": "/media/uploads/public/326/286/969886-f28ef-product_list.jpg", "unit_price_raw": "kr 421,33 per kg", "product_url": "https://kolonial.no/produkter/18661-cheddar-engelsk-skivet/", "kolonial_id": "18661"},
  {"category": "Spesialoster", "category_list": ["Alle varer", "Oster", "Spesialoster"], "title": "Ch\u00e8vre", "price": 53.6, "product_variant": "120 g", "quantity_info": [[120.0, "g"]], "image_url": "/media/uploads/public/178/299/971899-26496-product_list.jpg", "unit_price_raw": "kr 446,67 per kg", "product_url": "https://kolonial.no/produkter/18598-chevre/", "kolonial_id": "18598"},
  {"category": "Brus", "category_list": ["Alle varer", "Drikkevarer", "Brus"], "title": "Coca-Cola Uten Sukker", "price": 47.9, "product_variant": "4 x 0,33l, 1,32 l", "quantity_info": [[4.0, "x"], [0.33, "l"], [1.32, "l"]], "image_url": "/media/uploads/public/97/353/973953-ba2fd-product_list.jpg", "unit_price_raw": "kr 36,29 per l", "product_url": "https://kolonial.no/produkter/22735-coca-cola-coca-cola-zero-4-x-033l/", "kolonial_id": "22735"},
  {"category": "Brus", "category_list": ["Alle varer", "Drikkevarer", "Brus"], "title": "Pepsi Max", "price": 54.9, "product_variant": "4 x 0,33l, 1,32 l", "quantity_info": [[4.0, "x"], [0.33, "l"], [1.32, "l"]], "image_url": "/media/uploads/public/25/104/723704-fd510-product_list.jpg", "unit_price_raw": "kr 41,59 per l", "product_url": "https://kolonial.no/produkter/19948-pepsico-pepsi-max-4-x-033l/", "kolonial_id": "19948"},
  {"category": "Hundemat", "category_list": ["Alle varer", "Dyremat", "Hundemat"], "title": "Hundemat Oksekj\u00f8tt", "price": 12.7, "product_variant": "1,24 kg", "quantity_info": [[1.24, "kg"]], "image_url": "/media/uploads/public/329/331/971931-43184-product_list.jpg", "unit_price_raw": "kr 10,24 per kg", "product_url": "https://kolonial.no/produkter/5320-bestevenn-hundemat-oksekjott-124kg/", "kolonial_id": "5320"},
  {"category": "Hjemmelaget pizza", "category_list": ["Alle varer", "Pizza og taco", "Hjemmelaget pizza"], "title": "Vegetabilsk Pizzaost Original", "price": 73.0, "product_variant": "Melkefri, 400 g", "quantity_info": [[400.0, "g"]], "image_url": "/media/uploads/public/72/333/980333-5bd9b-product_list.jpg", "unit_price_raw": "kr 182,50 per kg", "product_url": "https://kolonial.no/produkter/25746-violife-vegetabilsk-pizzaost-original-melkefri/", "kolonial_id": "25746"},
  {"category": "Hjemmelaget pizza", "category_list": ["Alle varer", "Pizza og taco", "Hjemmelaget pizza"], "title": "Pizzasaus", "price": 21.1, "product_variant": "290 g", "quantity_info": [[290.0, "g"]], "image_url": "/media/uploads/public/80/246/968246-d9d47-product_list.jpg", "unit_price_raw": "kr 72,76 per kg", "product_url": "https://kolonial.no/produkter/6592-idun-pizzasaus-290g/", "kolonial_id": "6592"},
  {"category": "Melk", "category_list": ["Alle varer", "Melk, meieriprodukter og egg", "Melk"], "title": "Litago Sjokolade", "price": 11.9, "product_variant": "0,5 l", "quantity_info": [[0.5, "l"]], "image_url": "/media/uploads/public/122/323/968323-b2bb2-product_list.jpg", "unit_price_raw": "kr 23,80 per l", "product_url": "https://kolonial.no/produkter/222-tine-litago-sjokolade-05l/", "kolonial_id": "222"},
  {"category": "Krydder", "category_list": ["Alle varer", "Olje og krydder", "Krydder"], "title": "Hvitl\u00f8kpulver", "price": 36.1, "product_variant": "87 g", "quantity_info": [[87.0, "g"]], "image_url": "/media/uploads/public/282/334/965534-66816-product_list.jpg", "unit_price_raw": "kr 414,94 per kg", "product_url": "https://kolonial.no/produkter/6196-toro-hvitlokpulver/", "kolonial_id": "6196"},
  {"category": "Bind og tamponger", "category_list": ["Alle varer", "Hygieneartikler", "Bind og tamponger"], "title": "Tena Lady Ultra Mini", "price": 52.9, "product_variant": "Truseinnlegg, 28 stk", "quantity_info": [[28.0, "stk"]], "image_url": "/media/uploads/public/316/171/964971-ad8cd-product_list.jpg", "unit_price_raw": "kr 1,89 per stk", "product_url": "https://kolonial.no/produkter/7003-tena-tena-lady-ultra-mini-truseinnlegg/", "kolonial_id": "7003"},
  {"category": "Shampo og h\u00e5rprodukter", "category_list": ["Alle varer", "Shampo, s\u00e5pe og krem", "Shampo og h\u00e5rprodukter"], "title": "Shampo Shine Bright", "price": 29.2, "product_variant": "250 ml", "quantity_info": [[250.0, "ml"]], "image_url": "/media/uploads/public/42/41/154841-ce584-product_list.jpg", "unit_price_raw": "kr 116,80 per l", "product_url": "https://kolonial.no/produkter/24941-sunsilk-shine-bright-shampoo-250ml-0-25-l/", "kolonial_id": "24941"},
  {"category": "Gulost", "category_list": ["Alle varer", "Oster", "Gulost"], "title": "Skivet Gulost", "price": 35.6, "product_variant": "285 g", "quantity_info": [[285.0, "g"]], "image_url": "/media/uploads/public/181/41/972041-c8756-product_list.jpg", "unit_price_raw": "kr 124,91 per kg", "product_url": "https://kolonial.no/produkter/4822-synnove-skivet-gulost/", "kolonial_id": "4822"},
  {"category": "Fryst pizza", "category_list": ["Alle varer", "Pizza og taco", "Fryst pizza"], "title": "Ristorante Pizza Pollo", "price": 41.9, "product_variant": "355 g", "quantity_info": [[355.0, "g"]], "image_url": "/media/uploads/public/203/41/974041-d49de-product_list.jpg", "unit_price_raw": "kr 118,03 per kg", "product_url": "https://kolonial.no/produkter/21835-dr-oetker-ristorante-pizza-pollo/", "kolonial_id": "21835"},
  {"category": "Tannpleie", "category_list": ["Alle varer", "Hygieneartikler", "Tannpleie"], "title": "Tannkrem Gentle White", "price": 30.9, "product_variant": "75 ml", "quantity_info": [[75.0, "ml"]], "image_url": "/media/uploads/public/186/78/975678-fae2b-product_list.jpg", "unit_price_raw": "kr 412,00 per l", "product_url": "https://kolonial.no/produkter/7561-sensodyne-tannkrem-gentle-white-80ml/", "kolonial_id": "7561"},
  {"category": "Vaskemidler", "category_list": ["Alle varer", "T\u00f8rkepapir og vaskemidler", "Vaskemidler"], "title": "Klar Wc-Gel", "price": 38.8, "product_variant": "750 ml", "quantity_info": [[750.0, "ml"]], "image_url": "/media/uploads/public/380/272/618272-3ad22-product_list.jpg", "unit_price_raw": "kr 51,73 per l", "product_url": "https://kolonial.no/produkter/26547-klar-klar-wc-gel/", "kolonial_id": "26547"},
  {"category": "Baketilbeh\u00f8r", "category_list": ["Alle varer", "Mel og bakeingredienser", "Baketilbeh\u00f8r"], "title": "Kakepynt Soft S\u00f8lvperler", "price": 35.4, "product_variant": "42 g", "quantity_info": [[42.0, "g"]], "image_url": "/media/uploads/public/9/7/134807-4f5f9-product_list.jpg", "unit_price_raw": "kr 842,86 per kg", "product_url": "https://kolonial.no/produkter/23778-dr-oetker-kakepynt-soft-solvperler/", "kolonial_id": "23778"},
  {"category": "Klesvask", "category_list": ["Alle varer", "T\u00f8rkepapir og vaskemidler", "Klesvask"], "title": "Comfort Apple Twist", "price": 42.2, "product_variant": "750 ml", "quantity_info": [[750.0, "ml"]], "image_url": "/media/uploads/public/132/64/974064-41b8d-product_list.jpg", "unit_price_raw": "kr 56,27 per l", "product_url": "https://kolonial.no/produkter/11191-comfort-comfort-apple-twist-750ml/", "kolonial_id": "11191"},
  {"category": "Oljer og dressinger", "category_list": ["Alle varer", "Olje og krydder", "Oljer og dressinger"], "title": "Oyster Sauce", "price": 36.8, "product_variant": "200 ml", "quantity_info": [[200.0, "ml"]], "image_url": "/media/uploads/public/340/340/964340-225a9-product_list.jpg", "unit_price_raw": "kr 184,00 per l", "product_url": "https://kolonial.no/produkter/7666-santa-maria-oyster-sauce-02l/", "kolonial_id": "7666"},
  {"category": "Ferdigmikser", "category_list": ["Alle varer", "Mel og bakeingredienser", "Ferdigmikser"], "title": "Toro Gulrotkake", "price": 39.0, "product_variant": "396 g", "quantity_info": [[396.0, "g"]], "image_url": "/media/uploads/public/222/45/972845-2f544-product_list.jpg", "unit_price_raw": "kr 98,48 per kg", "product_url": "https://kolonial.no/produkter/26826-toro-toro-gulrotkake/", "kolonial_id": "26826"},
  {"category": "Tyggis og pastiller", "category_list": ["Alle varer", "Snacks og godteri", "Tyggis og pastiller"], "title": "L\u00e4kerol Classic Salvi", "price": 16.1, "product_variant": "25 g", "quantity_info": [[25.0, "g"]], "image_url": "/media/uploads/public/20/33/208833-8073e-product_list.jpg", "unit_price_raw": "kr 644,00 per kg", "product_url": "https://kolonial.no/produkter/15669-lakerol-lakerol-classic-salvi/", "kolonial_id": "15669"},
  {"category": "Frokostblandinger og gryn", "category_list": ["Alle varer", "Br\u00f8d og frokostblandinger", "Frokostblandinger og gryn"], "title": "M\u00fcsli med Bl\u00e5b\u00e6r, Bringeb\u00e6r & Vanilje", "price": 71.0, "product_variant": "400 g", "quantity_info": [[400.0, "g"]], "image_url": "/media/uploads/public/396/183/147783-2dd16-product_list.jpg", "unit_price_raw": "kr 177,50 per kg", "product_url": "https://kolonial.no/produkter/2155-superbra-musli-med-blabaer-bringebaer-vanilje-400g/", "kolonial_id": "2155"},
  {"category": "Frokostblandinger og gryn", "category_list": ["Alle varer", "Br\u00f8d og frokostblandinger", "Frokostblandinger og gryn"], "title": "M\u00fcsli med Jordb\u00e6r, Kokos og Kardemomme", "price": 71.0, "product_variant": "400 g", "quantity_info": [[400.0, "g"]], "image_url": "/media/uploads/public/124/184/147784-f3e98-product_list.jpg", "unit_price_raw": "kr 177,50 per kg", "product_url": "https://kolonial.no/produkter/2152-superbra-musli-med-jordbaer-kokos-og-kardemomme-40/", "kolonial_id": "2152"},
  {"category": "Frosne br\u00f8d og rundstykker", "category_list": ["Alle varer", "Br\u00f8d og frokostblandinger", "Frosne br\u00f8d og rundstykker"], "title": "Glutenfri Fiberbr\u00f8d", "price": 50.9, "product_variant": "600 g", "quantity_info": [[600.0, "g"]], "image_url": "/media/uploads/public/305/214/445414-fb546-product_list.jpg", "unit_price_raw": "kr 84,83 per kg", "product_url": "https://kolonial.no/produkter/26177-brisk-glutenfri-fiberbrod/", "kolonial_id": "26177"},
  {"category": "Supper", "category_list": ["Alle varer", "Middager og tilbeh\u00f8r", "Supper"], "title": "Goulashsuppe", "price": 42.9, "product_variant": "570 ml", "quantity_info": [[570.0, "ml"]], "image_url": "/media/uploads/public/355/164/324964-2e506-product_list.jpg", "unit_price_raw": "kr 75,26 per l", "product_url": "https://kolonial.no/produkter/25616-knorr-goulashsuppe/", "kolonial_id": "25616"},
  {"category": "Knekkebr\u00f8d", "category_list": ["Alle varer", "Br\u00f8d og frokostblandinger", "Knekkebr\u00f8d"], "title": "Surdeg Gourmet", "price": 46.9, "product_variant": "300 g", "quantity_info": [[300.0, "g"]], "image_url": "/media/uploads/public/95/6/973606-49b66-product_list.jpg", "unit_price_raw": "kr 156,33 per kg", "product_url": "https://kolonial.no/produkter/27483-wasa-surdeg-gourmet/", "kolonial_id": "27483"},
  {"category": "Langtidsholdbare br\u00f8d", "category_list": ["Alle varer", "Br\u00f8d og frokostblandinger", "Langtidsholdbare br\u00f8d"], "title": "Glutenfri Kornbr\u00f8d", "price": 37.0, "product_variant": "500 g", "quantity_info": [[500.0, "g"]], "image_url": "/media/uploads/public/73/146/186146-6cf21-product_list.jpg", "unit_price_raw": "kr 74,00 per kg", "product_url": "https://kolonial.no/produkter/21415-brisk-glutenfri-kornbrod/", "kolonial_id": "21415"},
  {"category": "Pasta og nudler", "category_list": ["Alle varer", "Middager og tilbeh\u00f8r", "Pasta og nudler"], "title": "Lasagne", "price": 41.7, "product_variant": "500 g", "quantity_info": [[500.0, "g"]], "image_url": "/media/uploads/public/74/242/131042-b4d39-product_list.jpg", "unit_price_raw": "kr 83,40 per kg", "product_url": "https://kolonial.no/produkter/23577-rummo-lasagne/", "kolonial_id": "23577"},
  {"category": "Diverse husholdning", "category_list": ["Alle varer", "Husholdning og tekstil", "Diverse husholdning"], "title": "Yatzy i Eske", "price": 37.4, "product_variant": "Med 6 Terninger, 1 stk", "quantity_info": [[6.0, "Terninger"], [1.0, "stk"]], "image_url": "/media/uploads/public/0/331/45931-e0dc7-product_list.jpg", "unit_price_raw": "kr 37,40 per stk", "product_url": "https://kolonial.no/produkter/14854-yatzy-i-eske-med-6-terninge/", "kolonial_id": "14854"},
  {"category": "Ferdige middagsretter", "category_list": ["Alle varer", "Middager og tilbeh\u00f8r", "Ferdige middagsretter"], "title": "Svenske Kj\u00f8ttboller", "price": 59.8, "product_variant": "566 g", "quantity_info": [[566.0, "g"]], "image_url": "/media/uploads/public/68/132/138932-a04a6-product_list.jpg", "unit_price_raw": "kr 105,65 per kg", "product_url": "https://kolonial.no/produkter/984-fjordland-svenske-kjottboller-566g/", "kolonial_id": "984"},
  {"category": "P\u00f8lser", "category_list": ["Alle varer", "Kj\u00f8tt og kylling", "P\u00f8lser"], "title": "Kj\u00f8ttp\u00f8lse uten Skinn", "price": 36.4, "product_variant": "Go og Mager, 450 g", "quantity_info": [[450.0, "g"]], "image_url": "/media/uploads/public/236/107/972107-b60e2-product_list.jpg", "unit_price_raw": "kr 80,89 per kg", "product_url": "https://kolonial.no/produkter/23318-gilde-kjottpolse-uten-skinn-go-og-mager/", "kolonial_id": "23318"},
  {"category": "Fr\u00f8, n\u00f8tter og t\u00f8rket frukt", "category_list": ["Alle varer", "Frukt og gr\u00f8nt", "Fr\u00f8, n\u00f8tter og t\u00f8rket frukt"], "title": "Cashewn\u00f8tter", "price": 56.7, "product_variant": "150 g", "quantity_info": [[150.0, "g"]], "image_url": "/media/uploads/public/0/45/83245-296eb-product_list.jpg", "unit_price_raw": "kr 378,00 per kg", "product_url": "https://kolonial.no/produkter/20308-helios-cashewnotter/", "kolonial_id": "20308"},
  {"category": "Fr\u00f8, n\u00f8tter og t\u00f8rket frukt", "category_list": ["Alle varer", "Frukt og gr\u00f8nt", "Fr\u00f8, n\u00f8tter og t\u00f8rket frukt"], "title": "\u00d8kologiske Rosiner", "price": 25.9, "product_variant": "250 g", "quantity_info": [[250.0, "g"]], "image_url": "/media/uploads/public/375/370/142370-1e4f8-product_list.jpg", "unit_price_raw": "kr 103,60 per kg", "product_url": "https://kolonial.no/produkter/23971-sunmaid-okologiske-rosiner/", "kolonial_id": "23971"},
  {"category": "Gr\u00f8nnsaker", "category_list": ["Alle varer", "Frukt og gr\u00f8nt", "Gr\u00f8nnsaker"], "title": "\u00d8kologisk Squash", "price": 35.9, "product_variant": "Spania, 360 g", "quantity_info": [[360.0, "g"]], "image_url": "/media/uploads/public/250/233/137033-52f83-product_list.jpg", "unit_price_raw": "kr 99,72 per kg", "product_url": "https://kolonial.no/produkter/23926-okologisk-squash-norge/", "kolonial_id": "23926"},
  {"category": "Gr\u00f8nnsaker", "category_list": ["Alle varer", "Frukt og gr\u00f8nt", "Gr\u00f8nnsaker"], "title": "Aubergin", "price": 19.8, "product_variant": "Holland, 1 stk", "quantity_info": [[1.0, "stk"]], "image_url": "/media/uploads/public/0/68/12068-514b6-product_list.jpg", "unit_price_raw": "kr 90,00 per kg", "product_url": "https://kolonial.no/produkter/9392-aubergin-spania/", "kolonial_id": "9392"},
  {"category": "Frukt", "category_list": ["Alle varer", "Frukt og gr\u00f8nt", "Frukt"], "title": "Store Appelsiner", "price": 27.9, "product_variant": "Spania, 3 stk", "quantity_info": [[3.0, "stk"]], "image_url": "/media/uploads/public/131/158/993358-6a70a-product_list.jpg", "unit_price_raw": "kr 27,90 per kg", "product_url": "https://kolonial.no/produkter/28019-appelsiner-ekstra-store-3-pakning-ca-1-kg-spania/", "kolonial_id": "28019"},
  {"category": "Middagstilbeh\u00f8r", "category_list": ["Alle varer", "Middager og tilbeh\u00f8r", "Middagstilbeh\u00f8r"], "title": "Delikat Bulgur & Blomk\u00e5l", "price": 43.1, "product_variant": "390 g", "quantity_info": [[390.0, "g"]], "image_url": "/media/uploads/public/235/77/707677-a0ea4-product_list.jpg", "unit_price_raw": "kr 110,51 per kg", "product_url": "https://kolonial.no/produkter/27514-delikat-bulgur-blomkal/", "kolonial_id": "27514"},
  {"category": "Smoothie, yoghurt og mellomm\u00e5ltid", "category_list": ["Alle varer", "Barneprodukter", "Smoothie, yoghurt og mellomm\u00e5ltid"], "title": "Jordb\u00e6r & Banan Smoothie Biter", "price": 13.1, "product_variant": "Fra 12 mnd, 1 stk", "quantity_info": [[12.0, "mnd"], [1.0, "stk"]], "image_url": "/media/uploads/public/11/94/968894-f8a2b-product_list.jpg", "unit_price_raw": "kr 13,10 per stk", "product_url": "https://kolonial.no/produkter/16702-kiddylicious-jordbaer-banan-smoothie-biter-fra-12-/", "kolonial_id": "16702"},
  {"category": "Middagsglass", "category_list": ["Alle varer", "Barneprodukter", "Middagsglass"], "title": "Rotfrukter med Oksjekj\u00f8tt", "price": 21.5, "product_variant": "Fra 6 mnd, 190 g", "quantity_info": [[6.0, "mnd"], [190.0, "g"]], "image_url": "/media/uploads/public/13/355/142355-e0d4c-product_list.jpg", "unit_price_raw": "kr 113,16 per kg", "product_url": "https://kolonial.no/produkter/23967-hipp-rotfrukter-med-oksjekjott-fra-6-mnd/", "kolonial_id": "23967"},
  {"category": "Snus", "category_list": ["Alle varer", "Snus og tobakk", "Snus"], "title": "Nick & Johnny Red Hit Xtra Strong Portion", "price": 94.6, "product_variant": "22 g", "quantity_info": [[22.0, "g"]], "image_url": "https://kolonial.no/static/products/img/placeholder.bffcea8d3530.png", "unit_price_raw": "kr 4300,00 per kg", "product_url": "https://kolonial.no/produkter/17680-nick-johnny-nick-johnny-red-hit-xtra-strong-portio/", "kolonial_id": "17680"},
  {"category": "Snus", "category_list": ["Alle varer", "Snus og tobakk", "Snus"], "title": "The Lab 22 Blue White", "price": 89.9, "product_variant": "24 g", "quantity_info": [[24.0, "g"]], "image_url": "https://kolonial.no/static/products/img/placeholder.bffcea8d3530.png", "unit_price_raw": "kr 3745,83 per kg", "product_url": "https://kolonial.no/produkter/16107-lab-22-blue-white/", "kolonial_id": "16107"},
  {"category": "Syltet\u00f8y", "category_list": ["Alle varer", "P\u00e5legg", "Syltet\u00f8y"], "title": "Plommesyltet\u00f8y Heimefr\u00e5", "price": 32.9, "product_variant": "360 g", "quantity_info": [[360.0, "g"]], "image_url": "/media/uploads/public/121/143/972543-2882f-product_list.jpg", "unit_price_raw": "kr 91,39 per kg", "product_url": "https://kolonial.no/produkter/26319-lerum-plommesyltetoy-heimefra/", "kolonial_id": "26319"},
  {"category": "Syltet\u00f8y", "category_list": ["Alle varer", "P\u00e5legg", "Syltet\u00f8y"], "title": "Jordb\u00e6r Heimefr\u00e5", "price": 30.9, "product_variant": "360 g", "quantity_info": [[360.0, "g"]], "image_url": "/media/uploads/public/191/153/972553-fac6a-product_list.jpg", "unit_price_raw": "kr 85,83 per kg", "product_url": "https://kolonial.no/produkter/26322-lerum-jordbaer-heimefra/", "kolonial_id": "26322"},
  {"category": "Spekemat og salami", "category_list": ["Alle varer", "P\u00e5legg", "Spekemat og salami"], "title": "Parmaskinke", "price": 179.8, "product_variant": "200 g", "quantity_info": [[200.0, "g"]], "image_url": "/media/uploads/public/0/196/13796-7eda5-product_list.jpg", "unit_price_raw": "kr 899,00 per kg", "product_url": "https://kolonial.no/produkter/9905-parmaskinke-200g/", "kolonial_id": "9905"},
  {"category": "Kattemat", "category_list": ["Alle varer", "Dyremat", "Kattemat"], "title": "Catmilk", "price": 44.5, "product_variant": "3 x 200ml, 600 ml", "quantity_info": [[3.0, "x"], [200.0, "ml"], [600.0, "ml"]], "image_url": "/media/uploads/public/265/327/965927-be0f2-product_list.jpg", "unit_price_raw": "kr 74,17 per l", "product_url": "https://kolonial.no/produkter/13918-whiskas-catmilk-3-x-200ml/", "kolonial_id": "13918"},
  {"category": "Fl\u00f8te og r\u00f8mmeprodukter", "category_list": ["Alle varer", "Melk, meieriprodukter og egg", "Fl\u00f8te og r\u00f8mmeprodukter"], "title": "Matfl\u00f8te 20% fett", "price": 77.3, "product_variant": "1 l", "quantity_info": [[1.0, "l"]], "image_url": "/media/uploads/public/0/97/19297-d031f-product_list.jpg", "unit_price_raw": "kr 77,30 per l", "product_url": "https://kolonial.no/produkter/11983-tine-matflote-20-fett-1-liter/", "kolonial_id": "11983"},
  {"category": "Fl\u00f8te og r\u00f8mmeprodukter", "category_list": ["Alle varer", "Melk, meieriprodukter og egg", "Fl\u00f8te og r\u00f8mmeprodukter"], "title": "Menkomel Hvit Topping", "price": 31.8, "product_variant": "250 g", "quantity_info": [[250.0, "g"]], "image_url": "/media/uploads/public/312/136/970536-731ad-product_list.jpg", "unit_price_raw": "kr 127,20 per kg", "product_url": "https://kolonial.no/produkter/21796-menkomel-hvit-topping/", "kolonial_id": "21796"},
  {"category": "Yoghurt", "category_list": ["Alle varer", "Melk, meieriprodukter og egg", "Yoghurt"], "title": "Rislunsj Med Jordb\u00e6r", "price": 13.4, "product_variant": "Piano, 150 g", "quantity_info": [[150.0, "g"]], "image_url": "/media/uploads/public/286/215/146215-517c1-product_list.jpg", "unit_price_raw": "kr 89,33 per kg", "product_url": "https://kolonial.no/produkter/8128-tine-rislunsj-med-jordbaer-piano-150g/", "kolonial_id": "8128"},
  {"category": "Te", "category_list": ["Alle varer", "Drikkevarer", "Te"], "title": "Pukka Peppermint & Licorice Tea", "price": 60.9, "product_variant": "20 stk", "quantity_info": [[20.0, "stk"]], "image_url": "/media/uploads/public/0/49/11249-17106-product_list.jpg", "unit_price_raw": "kr 3,05 per stk", "product_url": "https://kolonial.no/produkter/2176-pukka-pukka-peppermint-licorice-tea/", "kolonial_id": "2176"},
  {"category": "Kaffe", "category_list": ["Alle varer", "Drikkevarer", "Kaffe"], "title": "Dolce Gusto Cappuccino", "price": 57.8, "product_variant": "8+8 kapsler, 1 stk", "quantity_info": [[8.0, ""], [8.0, "kapsler"], [1.0, "stk"]], "image_url": "/media/uploads/public/140/398/965998-1fc36-product_list.jpg", "unit_price_raw": "kr 57,80 per stk", "product_url": "https://kolonial.no/produkter/1642-nescafe-dolce-gusto-cappuccino-88-kapsler/", "kolonial_id": "1642"},
  {"category": "Saft", "category_list": ["Alle varer", "Drikkevarer", "Saft"], "title": "Solrik Appelsin Lett", "price": 17.8, "product_variant": "0,25 l", "quantity_info": [[0.25, "l"]], "image_url": "/media/uploads/public/365/141/142941-b9920-product_list.jpg", "unit_price_raw": "kr 71,20 per l", "product_url": "https://kolonial.no/produkter/19915-ringnes-solrik-appelsin-lett/", "kolonial_id": "19915"},
  {"category": "Saft", "category_list": ["Alle varer", "Drikkevarer", "Saft"], "title": "Appelsinsaft", "price": 48.8, "product_variant": "1,5 l", "quantity_info": [[1.5, "l"]], "image_url": "/media/uploads/public/321/44/974044-fa0ca-product_list.jpg", "unit_price_raw": "kr 32,53 per l", "product_url": "https://kolonial.no/produkter/8458-rema-1000-appelsinsaft-15l/", "kolonial_id": "8458"},
  {"category": "Juice", "category_list": ["Alle varer", "Drikkevarer", "Juice"], "title": "Sunniva Original Eplejuice", "price": 16.4, "product_variant": "250 ml", "quantity_info": [[250.0, "ml"]], "image_url": "/media/uploads/public/188/348/968348-3e9e4-product_list.jpg", "unit_price_raw": "kr 65,60 per l", "product_url": "https://kolonial.no/produkter/2449-sunniva-sunniva-original-eplejuice-025l/", "kolonial_id": "2449"},
  {"category": "Vann og mineralvann", "category_list": ["Alle varer", "Drikkevarer", "Vann og mineralvann"], "title": "Prima Vann med Kullsyre Lime", "price": 8.8, "product_variant": "1,5 l", "quantity_info": [[1.5, "l"]], "image_url": "/media/uploads/public/44/153/262553-12c1c-product_list.jpg", "unit_price_raw": "kr 5,87 per l", "product_url": "https://kolonial.no/produkter/25544-rema-1000-prima-vann-med-kullsyre-lime/", "kolonial_id": "25544"},
  {"category": "Spesialoster", "category_list": ["Alle varer", "Oster", "Spesialoster"], "title": "Ch\u00e8vre Camembert", "price": 75.7, "product_variant": "180 g", "quantity_info": [[180.0, "g"]], "image_url": "/media/uploads/public/0/185/64585-68197-product_list.jpg", "unit_price_raw": "kr 420,56 per kg", "product_url": "https://kolonial.no/produkter/18601-chevre-camembert/", "kolonial_id": "18601"},
  {"category": "Brus", "category_list": ["Alle varer", "Drikkevarer", "Brus"], "title": "Pepsi Max", "price": 108.9, "product_variant": "12 x 0,33l, 3,96 l", "quantity_info": [[12.0, "x"], [0.33, "l"], [3.96, "l"]], "image_url": "/media/uploads/public/0/380/80380-83f11-product_list.jpg", "unit_price_raw": "kr 27,50 per l", "product_url": "https://kolonial.no/produkter/19906-pepsico-pepsi-max-12-x-033l/", "kolonial_id": "19906"},
  {"category": "Hundemat", "category_list": ["Alle varer", "Dyremat", "Hundemat"], "title": "Purina One My Dog Is Adult", "price": 46.4, "product_variant": "400 g", "quantity_info": [[400.0, "g"]], "image_url": "/media/uploads/public/65/301/618301-f377d-product_list.jpg", "unit_price_raw": "kr 116,00 per kg", "product_url": "https://kolonial.no/produkter/26562-purina-purina-one-my-dog-adult/", "kolonial_id": "26562"},
  {"category": "Hundemat", "category_list": ["Alle varer", "Dyremat", "Hundemat"], "title": "Purina Adventuros Strips", "price": 20.6, "product_variant": "90 g", "quantity_info": [[90.0, "g"]], "image_url": "/media/uploads/public/145/302/618302-e835a-product_list.jpg", "unit_price_raw": "kr 228,89 per kg", "product_url": "https://kolonial.no/produkter/26563-purina-purina-adventuros-strips/", "kolonial_id": "26563"},
  {"category": "Taco", "category_list": ["Alle varer", "Pizza og taco", "Taco"], "title": "Enchilada Spice Mix", "price": 11.9, "product_variant": "22 g", "quantity_info": [[22.0, "g"]], "image_url": "/media/uploads/public/21/150/715350-37fc3-product_list.jpg", "unit_price_raw": "kr 540,91 per kg", "product_url": "https://kolonial.no/produkter/17446-old-el-paso-enchilada-spice-mix/", "kolonial_id": "17446"},
  {"category": "Hjemmelaget pizza", "category_list": ["Alle varer", "Pizza og taco", "Hjemmelaget pizza"], "title": "Pizzasaus", "price": 17.7, "product_variant": "500 g", "quantity_info": [[500.0, "g"]], "image_url": "/media/uploads/public/298/278/971478-56f0a-product_list.jpg", "unit_price_raw": "kr 35,40 per kg", "product_url": "https://kolonial.no/produkter/16206-rema-1000-pizzasaus/", "kolonial_id": "16206"},
  {"category": "Melk", "category_list": ["Alle varer", "Melk, meieriprodukter og egg", "Melk"], "title": "Litago Sjokolade", "price": 23.6, "product_variant": "1 l", "quantity_info": [[1.0, "l"]], "image_url": "/media/uploads/public/11/381/968381-8553d-product_list.jpg", "unit_price_raw": "kr 23,60 per l", "product_url": "https://kolonial.no/produkter/12046-tine-litago-sjokolade-1l/", "kolonial_id": "12046"},
  {"category": "Krydder", "category_list": ["Alle varer", "Olje og krydder", "Krydder"], "title": "Ingef\u00e6r", "price": 9.7, "product_variant": "Malt, 15 g", "quantity_info": [[15.0, "g"]], "image_url": "/media/uploads/public/337/326/965526-ca509-product_list.jpg", "unit_price_raw": "kr 646,67 per kg", "product_url": "https://kolonial.no/produkter/6160-toro-ingefaer-malt-15g/", "kolonial_id": "6160"},
  {"category": "Bind og tamponger", "category_list": ["Alle varer", "Hygieneartikler", "Bind og tamponger"], "title": "Truseinnlegg", "price": 28.6, "product_variant": "Normal 32stk, 32 stk", "quantity_info": [[32.0, "stk"], [32.0, "stk"]], "image_url": "/media/uploads/public/338/115/969715-ceed9-product_list.jpg", "unit_price_raw": "kr 0,89 per stk", "product_url": "https://kolonial.no/produkter/1093-libresse-truseinnlegg-normal-32stk/", "kolonial_id": "1093"},
  {"category": "Bind og tamponger", "category_list": ["Alle varer", "Hygieneartikler", "Bind og tamponger"], "title": "Normal", "price": 23.3, "product_variant": "16 stk", "quantity_info": [[16.0, "stk"]], "image_url": "/media/uploads/public/233/220/967420-60f2d-product_list.jpg", "unit_price_raw": "kr 1,46 per stk", "product_url": "https://kolonial.no/produkter/853-libresse-libresse-normal/", "kolonial_id": "853"},
  {"category": "Shampo og h\u00e5rprodukter", "category_list": ["Alle varer", "Shampo, s\u00e5pe og krem", "Shampo og h\u00e5rprodukter"], "title": "Balsam Shine Bright", "price": 29.2, "product_variant": "250 ml", "quantity_info": [[250.0, "ml"]], "image_url": "/media/uploads/public/161/42/154842-7803e-product_list.jpg", "unit_price_raw": "kr 116,80 per l", "product_url": "https://kolonial.no/produkter/24942-sunsilk-balsam-shine-bright/", "kolonial_id": "24942"},
  {"category": "Gulost", "category_list": ["Alle varer", "Oster", "Gulost"], "title": "Norsk Port Salut", "price": 56.6, "product_variant": "1 stk", "quantity_info": [[1.0, "stk"]], "image_url": "/media/uploads/public/0/352/9552-b2ea5-product_list.jpg", "unit_price_raw": "kr 56,60 per stk", "product_url": "https://kolonial.no/produkter/8220-tine-norsk-port-salut/", "kolonial_id": "8220"},
  {"category": "Fryst pizza", "category_list": ["Alle varer", "Pizza og taco", "Fryst pizza"], "title": "Ristorante Spinaci", "price": 41.1, "product_variant": "390 g", "quantity_info": [[390.0, "g"]], "image_url": "/media/uploads/public/316/257/136257-36ccb-product_list.jpg", "unit_price_raw": "kr 105,38 per kg", "product_url": "https://kolonial.no/produkter/23873-dr-oetker-ristorante-spinaci/", "kolonial_id": "23873"},
  {"category": "Tannpleie", "category_list": ["Alle varer", "Hygieneartikler", "Tannpleie"], "title": "Tannkrem Mint", "price": 9.9, "product_variant": "75 ml", "quantity_info": [[75.0, "ml"]], "image_url": "/media/uploads/public/219/383/966383-86dc8-product_list.jpg", "unit_price_raw": "kr 132,00 per l", "product_url": "https://kolonial.no/produkter/4981-soft-style-tannkrem-mint-75ml/", "kolonial_id": "4981"},
  {"category": "Tannpleie", "category_list": ["Alle varer", "Hygieneartikler", "Tannpleie"], "title": "Vademecum Munnvann Original", "price": 56.3, "product_variant": "75 ml", "quantity_info": [[75.0, "ml"]], "image_url": "/media/uploads/public/392/94/964894-f1dab-product_list.jpg", "unit_price_raw": "kr 750,67 per l", "product_url": "https://kolonial.no/produkter/13030-vademecum-vademecum-munnvann-original-80ml/", "kolonial_id": "13030"},
  {"category": "Vaskemidler", "category_list": ["Alle varer", "T\u00f8rkepapir og vaskemidler", "Vaskemidler"], "title": "Wc Bl\u00e5tt", "price": 17.0, "product_variant": "1 stk, 40 g", "quantity_info": [[1.0, "stk"], [40.0, "g"]], "image_url": "/media/uploads/public/79/263/973063-6999e-product_list.jpg", "unit_price_raw": "kr 425,00 per kg", "product_url": "https://kolonial.no/produkter/7558-wc-duck-wc-blatt-1-stk/", "kolonial_id": "7558"},
  {"category": "Frossen fisk og sj\u00f8mat", "category_list": ["Alle varer", "Fisk og sj\u00f8mat", "Frossen fisk og sj\u00f8mat"], "title": "Lobnobs", "price": 20.0, "product_variant": "90 g", "quantity_info": [[90.0, "g"]], "image_url": "/media/uploads/public/0/135/36535-f6918-product_list.jpg", "unit_price_raw": "kr 222,22 per kg", "product_url": "https://kolonial.no/produkter/15214-sibelila-lobnobs/", "kolonial_id": "15214"},
  {"category": "Baketilbeh\u00f8r", "category_list": ["Alle varer", "Mel og bakeingredienser", "Baketilbeh\u00f8r"], "title": "Kakefyll Vaniljesmak", "price": 17.0, "product_variant": "80 g", "quantity_info": [[80.0, "g"]], "image_url": "/media/uploads/public/229/276/964676-368ad-product_list.jpg", "unit_price_raw": "kr 212,50 per kg", "product_url": "https://kolonial.no/produkter/14323-freia-kakefyll-vaniljesmak-80g/", "kolonial_id": "14323"},
  {"category": "Klesvask", "category_list": ["Alle varer", "T\u00f8rkepapir og vaskemidler", "Klesvask"], "title": "Comfort Sensitive T\u00f8ymykner", "price": 30.9, "product_variant": "750 ml", "quantity_info": [[750.0, "ml"]], "image_url": "/media/uploads/public/235/369/972369-ef8cd-product_list.jpg", "unit_price_raw": "kr 41,20 per l", "product_url": "https://kolonial.no/produkter/866-comfort-comfort-sensitive-toymykner/", "kolonial_id": "866"},
  {"category": "Oljer og dressinger", "category_list": ["Alle varer", "Olje og krydder", "Oljer og dressinger"], "title": "Teriyaki Sauce", "price": 46.6, "product_variant": "300 ml", "quantity_info": [[300.0, "ml"]], "image_url": "/media/uploads/public/284/206/964206-dd42e-product_list.jpg", "unit_price_raw": "kr 155,33 per l", "product_url": "https://kolonial.no/produkter/21001-santa-maria-teriyaki-sauce/", "kolonial_id": "21001"},
  {"category": "Oljer og dressinger", "category_list": ["Alle varer", "Olje og krydder", "Oljer og dressinger"], "title": "Pepper Sauce Tabasco", "price": 48.8, "product_variant": "59 ml", "quantity_info": [[59.0, "ml"]], "image_url": "/media/uploads/public/189/60/974060-41662-product_list.jpg", "unit_price_raw": "kr 827,12 per l", "product_url": "https://kolonial.no/produkter/5299-tabasco-pepper-sauce-tabasco-60ml/", "kolonial_id": "5299"},
  {"category": "Ferdigmikser", "category_list": ["Alle varer", "Mel og bakeingredienser", "Ferdigmikser"], "title": "Langpanne Sjokoladekake", "price": 83.3, "product_variant": "1,11 kg", "quantity_info": [[1.11, "kg"]], "image_url": "/media/uploads/public/88/76/188076-3709a-product_list.jpg", "unit_price_raw": "kr 75,05 per kg", "product_url": "https://kolonial.no/produkter/25161-regal-langpanne-sjokoladekake/", "kolonial_id": "25161"},
  {"category": "Tyggis og pastiller", "category_list": ["Alle varer", "Snacks og godteri", "Tyggis og pastiller"], "title": "L\u00e4kerol Classic Seasalt", "price": 19.6, "product_variant": "25 g", "quantity_info": [[25.0, "g"]], "image_url": "/media/uploads/public/184/308/188308-34e4f-product_list.jpg", "unit_price_raw": "kr 784,00 per kg", "product_url": "https://kolonial.no/produkter/25376-lakerol-lakerol-classic-seasalt/", "kolonial_id": "25376"},
  {"category": "Frokostblandinger og gryn", "category_list": ["Alle varer", "Br\u00f8d og frokostblandinger", "Frokostblandinger og gryn"], "title": "M\u00fcsli med Eple, Kanel og Traneb\u00e6r", "price": 71.0, "product_variant": "400 g", "quantity_info": [[400.0, "g"]], "image_url": "/media/uploads/public/111/185/147785-18683-product_list.jpg", "unit_price_raw": "kr 177,50 per kg", "product_url": "https://kolonial.no/produkter/2149-superbra-musli-med-eple-kanel-og-tranebaer-400g/", "kolonial_id": "2149"},
  {"category": "Supper", "category_list": ["Alle varer", "Middager og tilbeh\u00f8r", "Supper"], "title": "Indian Currysuppe", "price": 52.4, "product_variant": "570 ml", "quantity_info": [[570.0, "ml"]], "image_url": "/media/uploads/public/127/163/324963-27c6d-product_list.jpg", "unit_price_raw": "kr 91,93 per l", "product_url": "https://kolonial.no/produkter/25614-knorr-indian-currysuppe/", "kolonial_id": "25614"},
  {"category": "Knekkebr\u00f8d", "category_list": ["Alle varer", "Br\u00f8d og frokostblandinger", "Knekkebr\u00f8d"], "title": "Eko Krispig R\u00e5g", "price": 33.9, "product_variant": "\u00d8kologisk, 180 g", "quantity_info": [[180.0, "g"]], "image_url": "/media/uploads/public/348/337/971137-766b7-product_list.jpg", "unit_price_raw": "kr 188,33 per kg", "product_url": "https://kolonial.no/produkter/23333-wasa-eko-krispig-rag-okologisk/", "kolonial_id": "23333"},
  {"category": "V\u00e5tservietter og s\u00e5pe", "category_list": ["Alle varer", "Barneprodukter", "V\u00e5tservietter og s\u00e5pe"], "title": "Kids Flosser Kit", "price": 49.4, "product_variant": "1 stk", "quantity_info": [[1.0, "stk"]], "image_url": "/media/uploads/public/152/311/618311-82a71-product_list.jpg", "unit_price_raw": "kr 1,37 per bruk", "product_url": "https://kolonial.no/produkter/26572-jordan-kids-flosser-kit/", "kolonial_id": "26572"},
  {"category": "Pasta og nudler", "category_list": ["Alle varer", "Middager og tilbeh\u00f8r", "Pasta og nudler"], "title": "Lasagneplater Fullkorn", "price": 23.4, "product_variant": "500 g", "quantity_info": [[500.0, "g"]], "image_url": "/media/uploads/public/53/173/969773-629e9-product_list.jpg", "unit_price_raw": "kr 46,80 per kg", "product_url": "https://kolonial.no/produkter/19231-rema-1000-lasagneplater-fullkorn/", "kolonial_id": "19231"},
  {"category": "Diverse husholdning", "category_list": ["Alle varer", "Husholdning og tekstil", "Diverse husholdning"], "title": "Kortstokk", "price": 29.6, "product_variant": "1 stk", "quantity_info": [[1.0, "stk"]], "image_url": "/media/uploads/public/0/196/21796-b37a4-product_list.jpg", "unit_price_raw": "kr 29,60 per stk", "product_url": "https://kolonial.no/produkter/10259-kortstokk/", "kolonial_id": "10259"},
  {"category": "Diverse husholdning", "category_list": ["Alle varer", "Husholdning og tekstil", "Diverse husholdning"], "title": "Feiesett", "price": 34.9, "product_variant": "Assorterte farger, 1 stk", "quantity_info": [[1.0, "stk"]], "image_url": "/media/uploads/public/74/239/146239-4fdae-product_list.jpg", "unit_price_raw": "kr 34,90 per stk", "product_url": "https://kolonial.no/produkter/24463-feiesett-assorterte-farger/", "kolonial_id": "24463"},
  {"category": "Ferdige middagsretter", "category_list": ["Alle varer", "Middager og tilbeh\u00f8r", "Ferdige middagsretter"], "title": "Biff Stroganoff Med Ris", "price": 58.5, "product_variant": "455 g", "quantity_info": [[455.0, "g"]], "image_url": "/media/uploads/public/195/118/138918-744cf-product_list.jpg", "unit_price_raw": "kr 128,57 per kg", "product_url": "https://kolonial.no/produkter/22750-fjordland-biff-stroganoff-med-ris/", "kolonial_id": "22750"},
  {"category": "P\u00f8lser", "category_list": ["Alle varer", "Kj\u00f8tt og kylling", "P\u00f8lser"], "title": "Kj\u00f8ttp\u00f8lse Skinnfri", "price": 33.1, "product_variant": "450 g", "quantity_info": [[450.0, "g"]], "image_url": "/media/uploads/public/15/360/972360-8e6f8-product_list.jpg", "unit_price_raw": "kr 73,56 per kg", "product_url": "https://kolonial.no/produkter/3667-gilde-kjottpolse-skinnfri-450g/", "kolonial_id": "3667"},
  {"category": "Gr\u00f8nnsaker", "category_list": ["Alle varer", "Frukt og gr\u00f8nt", "Gr\u00f8nnsaker"], "title": "Aromasopp", "price": 29.9, "product_variant": "Polen, 250 g", "quantity_info": [[250.0, "g"]], "image_url": "/media/uploads/public/0/72/31672-d40d4-product_list.jpg", "unit_price_raw": "kr 119,60 per kg", "product_url": "https://kolonial.no/produkter/13732-aromasopp-polen/", "kolonial_id": "13732"},
  {"category": "Gr\u00f8nnsaker", "category_list": ["Alle varer", "Frukt og gr\u00f8nt", "Gr\u00f8nnsaker"], "title": "Champignon", "price": 7.9, "product_variant": "Kurv, Polen, 250 g", "quantity_info": [[250.0, "g"]], "image_url": "/media/uploads/public/0/318/11918-614cf-product_list.jpg", "unit_price_raw": "kr 31,60 per kg", "product_url": "https://kolonial.no/produkter/9395-champignon-kurv-polen/", "kolonial_id": "9395"},
  {"category": "Frukt", "category_list": ["Alle varer", "Frukt og gr\u00f8nt", "Frukt"], "title": "Red Delicious epler 4 pk", "price": 29.9, "product_variant": "Red Del, Italia, 4 stk", "quantity_info": [[4.0, "stk"]], "image_url": "/media/uploads/public/305/314/1006314-91834-product_list.jpg", "unit_price_raw": "kr 39,87 per kg", "product_url": "https://kolonial.no/produkter/28065-red-delicious-epler-4-pk-red-del-italia/", "kolonial_id": "28065"},
  {"category": "Middagstilbeh\u00f8r", "category_list": ["Alle varer", "Middager og tilbeh\u00f8r", "Middagstilbeh\u00f8r"], "title": "Hummus R\u00f8dbet", "price": 24.9, "product_variant": "150 g", "quantity_info": [[150.0, "g"]], "image_url": "/media/uploads/public/122/393/973993-4108f-product_list.jpg", "unit_price_raw": "kr 166,00 per kg", "product_url": "https://kolonial.no/produkter/27834-sevan-hummus-rodbet/", "kolonial_id": "27834"},
  {"category": "Smoothie, yoghurt og mellomm\u00e5ltid", "category_list": ["Alle varer", "Barneprodukter", "Smoothie, yoghurt og mellomm\u00e5ltid"], "title": "Fruktsn\u00f8re Jordb\u00e6r", "price": 12.3, "product_variant": "Fra 12 mnd, 12 g", "quantity_info": [[12.0, "mnd"], [12.0, "g"]], "image_url": "/media/uploads/public/388/36/970436-ea524-product_list.jpg", "unit_price_raw": "kr 1025,00 per kg", "product_url": "https://kolonial.no/produkter/21442-kiddylicious-fruktsnore-jordbaer-fra-12-mnd/", "kolonial_id": "21442"},
  {"category": "Middagsglass", "category_list": ["Alle varer", "Barneprodukter", "Middagsglass"], "title": "Pasta med Broccoli", "price": 21.5, "product_variant": "Fra 6 mnd, 190 g", "quantity_info": [[6.0, "mnd"], [190.0, "g"]], "image_url": "/media/uploads/public/370/351/142351-aa4f6-product_list.jpg", "unit_price_raw": "kr 113,16 per kg", "product_url": "https://kolonial.no/produkter/23982-hipp-pasta-med-broccoli-fra-6-mnd/", "kolonial_id": "23982"},
  {"category": "Snus", "category_list": ["Alle varer", "Snus og tobakk", "Snus"], "title": "Epok No3 Zest Green Intense S4", "price": 95.9, "product_variant": "16,8 g", "quantity_info": [[16.8, "g"]], "image_url": "https://kolonial.no/static/products/img/placeholder.bffcea8d3530.png", "unit_price_raw": "kr 5708,33 per kg", "product_url": "https://kolonial.no/produkter/25557-epok-epok-no3-zest-green-intense-s4/", "kolonial_id": "25557"},
  {"category": "Syltet\u00f8y", "category_list": ["Alle varer", "P\u00e5legg", "Syltet\u00f8y"], "title": "Kirseb\u00e6rsyltet\u00f8y Heimefr\u00e5", "price": 30.9, "product_variant": "360 g", "quantity_info": [[360.0, "g"]], "image_url": "/media/uploads/public/388/138/972538-901e4-product_list.jpg", "unit_price_raw": "kr 85,83 per kg", "product_url": "https://kolonial.no/produkter/26316-lerum-kirsebaersyltetoy-heimefra/", "kolonial_id": "26316"},
  {"category": "Kj\u00f8tt- og kyllingp\u00e5legg", "category_list": ["Alle varer", "P\u00e5legg", "Kj\u00f8tt- og kyllingp\u00e5legg"], "title": "Familieskinke", "price": 19.0, "product_variant": "150 g", "quantity_info": [[150.0, "g"]], "image_url": "/media/uploads/public/336/212/966612-62fb7-product_list.jpg", "unit_price_raw": "kr 126,67 per kg", "product_url": "https://kolonial.no/produkter/4681-nordfjord-familieskinke-150g/", "kolonial_id": "4681"},
  {"category": "Spekemat og salami", "category_list": ["Alle varer", "P\u00e5legg", "Spekemat og salami"], "title": "Prosciutto Crudo fra Parma Speket", "price": 49.0, "product_variant": "10 m\u00e5neder, 80 g", "quantity_info": [[10.0, "m\u00e5neder"], [80.0, "g"]], "image_url": "/media/uploads/public/19/344/164744-72ef1-product_list.jpg", "unit_price_raw": "kr 612,50 per kg", "product_url": "https://kolonial.no/produkter/24992-lille-skinkefabrikk-prosciutto-crudo-fra-parma-spe/", "kolonial_id": "24992"},
  {"category": "Kattemat", "category_list": ["Alle varer", "Dyremat", "Kattemat"], "title": "Ultra Catsan", "price": 149.0, "product_variant": "10 l", "quantity_info": [[10.0, "l"]], "image_url": "/media/uploads/public/351/257/965857-2a9c3-product_list.jpg", "unit_price_raw": "kr 14,90 per l", "product_url": "https://kolonial.no/produkter/13909-ultra-catsan/", "kolonial_id": "13909"},
  {"category": "Kattemat", "category_list": ["Alle varer", "Dyremat", "Kattemat"], "title": "Catsan Hygiene", "price": 84.5, "product_variant": "10 l", "quantity_info": [[10.0, "l"]], "image_url": "/media/uploads/public/0/140/33340-e25a4-product_list.jpg", "unit_price_raw": "kr 8,45 per l", "product_url": "https://kolonial.no/produkter/13906-catsan-hygiene/", "kolonial_id": "13906"},
  {"category": "Fl\u00f8te og r\u00f8mmeprodukter", "category_list": ["Alle varer", "Melk, meieriprodukter og egg", "Fl\u00f8te og r\u00f8mmeprodukter"], "title": "Ekte Krem 38%", "price": 35.6, "product_variant": "250 g", "quantity_info": [[250.0, "g"]], "image_url": "/media/uploads/public/192/133/972533-9c6bb-product_list.jpg", "unit_price_raw": "kr 142,40 per kg", "product_url": "https://kolonial.no/produkter/25108-foodicon-ekte-krem-38/", "kolonial_id": "25108"},
  {"category": "Yoghurt", "category_list": ["Alle varer", "Melk, meieriprodukter og egg", "Yoghurt"], "title": "Rislunsj Med Bringeb\u00e6r & Rips", "price": 14.2, "product_variant": "Piano, 150 g", "quantity_info": [[150.0, "g"]], "image_url": "/media/uploads/public/61/216/146216-624d1-product_list.jpg", "unit_price_raw": "kr 94,67 per kg", "product_url": "https://kolonial.no/produkter/8125-tine-rislunsj-med-bringebaer-rips-piano-150g/", "kolonial_id": "8125"},
  {"category": "Sm\u00f8r og margarin", "category_list": ["Alle varer", "Melk, meieriprodukter og egg", "Sm\u00f8r og margarin"], "title": "Sm\u00f8rbar \u00d8kologisk", "price": 32.6, "product_variant": "225 g", "quantity_info": [[225.0, "g"]], "image_url": "/media/uploads/public/62/173/973773-63cf0-product_list.jpg", "unit_price_raw": "kr 144,89 per kg", "product_url": "https://kolonial.no/produkter/27682-naturli-smorbar-okologisk/", "kolonial_id": "27682"},
  {"category": "Te", "category_list": ["Alle varer", "Drikkevarer", "Te"], "title": "Pukka Three Cinnamon Tea", "price": 62.7, "product_variant": "20 stk", "quantity_info": [[20.0, "stk"]], "image_url": "/media/uploads/public/0/55/11255-71645-product_list.jpg", "unit_price_raw": "kr 3,14 per stk", "product_url": "https://kolonial.no/produkter/2185-pukka-pukka-three-cinnamon-tea/", "kolonial_id": "2185"},
  {"category": "Te", "category_list": ["Alle varer", "Drikkevarer", "Te"], "title": "Wonder Berry Green", "price": 60.9, "product_variant": "20 stk", "quantity_info": [[20.0, "stk"]], "image_url": "/media/uploads/public/130/261/525461-25fb9-product_list.jpg", "unit_price_raw": "kr 3,05 per stk", "product_url": "https://kolonial.no/produkter/26376-pukka-wonder-berry-green/", "kolonial_id": "26376"},
  {"category": "Kaffe", "category_list": ["Alle varer", "Drikkevarer", "Kaffe"], "title": "Dolce Gusto Zoegas Sk\u00e5nerost", "price": 58.4, "product_variant": "16 kapsler, 16 stk", "quantity_info": [[16.0, "kapsler"], [16.0, "stk"]], "image_url": "/media/uploads/public/56/374/965974-ad4c7-product_list.jpg", "unit_price_raw": "kr 3,65 per stk", "product_url": "https://kolonial.no/produkter/11296-dolce-gusto-dolce-gusto-zoegas-skanerost-16-kapsle/", "kolonial_id": "11296"},
  {"category": "Saft", "category_list": ["Alle varer", "Drikkevarer", "Saft"], "title": "Husholdningssaft", "price": 39.8, "product_variant": "1,5 l", "quantity_info": [[1.5, "l"]], "image_url": "/media/uploads/public/323/210/966210-5ea6f-product_list.jpg", "unit_price_raw": "kr 26,53 per l", "product_url": "https://kolonial.no/produkter/8456-rema-1000-husholdningssaft-15l/", "kolonial_id": "8456"},
  {"category": "Juice", "category_list": ["Alle varer", "Drikkevarer", "Juice"], "title": "Tou Eplemost 0,33 l flaske", "price": 25.0, "product_variant": "0,33 l", "quantity_info": [[0.33, "l"]], "image_url": "/media/uploads/public/0/8/82408-36c56-product_list.jpg", "unit_price_raw": "kr 75,76 per l", "product_url": "https://kolonial.no/produkter/20056-tou-eplemost-0-33-l-flaske-0-33-l/", "kolonial_id": "20056"},
  {"category": "Spesialoster", "category_list": ["Alle varer", "Oster", "Spesialoster"], "title": "Epoisses de Bourgogne AOP", "price": 149.0, "product_variant": "250 g", "quantity_info": [[250.0, "g"]], "image_url": "/media/uploads/public/0/149/64549-bb71b-product_list.jpg", "unit_price_raw": "kr 596,00 per kg", "product_url": "https://kolonial.no/produkter/18634-epoisses-de-bourgogne-aop/", "kolonial_id": "18634"},
  {"category": "Brus", "category_list": ["Alle varer", "Drikkevarer", "Brus"], "title": "Coca-Cola Uten Sukker", "price": 98.9, "product_variant": "6 x 1,25l, 7,5 l", "quantity_info": [[6.0, "x"], [1.25, "l"], [7.5, "l"]], "image_url": "/media/uploads/public/22/71/992471-d5804-product_list.jpg", "unit_price_raw": "kr 13,19 per l", "product_url": "https://kolonial.no/produkter/22756-coca-cola-coca-cola-uten-sukker-6-x-125l/", "kolonial_id": "22756"},
  {"category": "Hundemat", "category_list": ["Alle varer", "Dyremat", "Hundemat"], "title": "Adventuros Nuggets", "price": 23.3, "product_variant": "Boar Wild Flavour, 90 g", "quantity_info": [[90.0, "g"]], "image_url": "/media/uploads/public/270/85/964085-17d7d-product_list.jpg", "unit_price_raw": "kr 258,89 per kg", "product_url": "https://kolonial.no/produkter/26681-purina-adventuros-nuggets-boar-wild-flavour/", "kolonial_id": "26681"},
  {"category": "Taco", "category_list": ["Alle varer", "Pizza og taco", "Taco"], "title": "Tortilla Rolls Hot & Spicy", "price": 13.5, "product_variant": "125 g", "quantity_info": [[125.0, "g"]], "image_url": "/media/uploads/public/285/301/968701-9809b-product_list.jpg", "unit_price_raw": "kr 108,00 per kg", "product_url": "https://kolonial.no/produkter/16404-rema-1000-tortilla-rolls-hot-spicy/", "kolonial_id": "16404"},
  {"category": "Taco", "category_list": ["Alle varer", "Pizza og taco", "Taco"], "title": "Nachips", "price": 18.3, "product_variant": "185 g", "quantity_info": [[185.0, "g"]], "image_url": "/media/uploads/public/398/201/969801-ab487-product_list.jpg", "unit_price_raw": "kr 98,92 per kg", "product_url": "https://kolonial.no/produkter/7366-old-el-paso-nachips/", "kolonial_id": "7366"},
  {"category": "Hjemmelaget pizza", "category_list": ["Alle varer", "Pizza og taco", "Hjemmelaget pizza"], "title": "Pizzasaus", "price": 37.0, "product_variant": "300 g", "quantity_info": [[300.0, "g"]], "image_url": "/media/uploads/public/398/208/138208-e980a-product_list.jpg", "unit_price_raw": "kr 123,33 per kg", "product_url": "https://kolonial.no/produkter/23948-superbra-pizzasaus/", "kolonial_id": "23948"},
  {"category": "Melk", "category_list": ["Alle varer", "Melk, meieriprodukter og egg", "Melk"], "title": "Litago Melk Jordb\u00e6rsmak", "price": 20.5, "product_variant": "0,5 l", "quantity_info": [[0.5, "l"]], "image_url": "/media/uploads/public/226/365/968365-608bb-product_list.jpg", "unit_price_raw": "kr 41,00 per l", "product_url": "https://kolonial.no/produkter/8098-tine-litago-melk-jordbaersmak-05l/", "kolonial_id": "8098"},
  {"category": "Krydder", "category_list": ["Alle varer", "Olje og krydder", "Krydder"], "title": "Koriander Malt", "price": 21.6, "product_variant": "20 g", "quantity_info": [[20.0, "g"]], "image_url": "/media/uploads/public/150/312/965512-92884-product_list.jpg", "unit_price_raw": "kr 1080,00 per kg", "product_url": "https://kolonial.no/produkter/6142-toro-koriander-malt-20g/", "kolonial_id": "6142"},
  {"category": "Bind og tamponger", "category_list": ["Alle varer", "Hygieneartikler", "Bind og tamponger"], "title": "Bind Normal Wing", "price": 31.1, "product_variant": "2pk, 28 stk", "quantity_info": [[2.0, "pk"], [28.0, "stk"]], "image_url": "/media/uploads/public/129/197/964997-5bba5-product_list.jpg", "unit_price_raw": "kr 1,11 per stk", "product_url": "https://kolonial.no/produkter/7030-libresse-bind-normal-wing-2pk-28-stk/", "kolonial_id": "7030"},
  {"category": "Shampo og h\u00e5rprodukter", "category_list": ["Alle varer", "Shampo, s\u00e5pe og krem", "Shampo og h\u00e5rprodukter"], "title": "Shampo Apple Fresh", "price": 33.8, "product_variant": "250 ml", "quantity_info": [[250.0, "ml"]], "image_url": "/media/uploads/public/344/160/972160-e8246-product_list.jpg", "unit_price_raw": "kr 135,20 per l", "product_url": "https://kolonial.no/produkter/3010-head-shoulders-shampo-apple-fresh-300g/", "kolonial_id": "3010"},
  {"category": "Gulost", "category_list": ["Alle varer", "Oster", "Gulost"], "title": "Balsfjord", "price": 70.5, "product_variant": "300 g", "quantity_info": [[300.0, "g"]], "image_url": "/media/uploads/public/360/370/966770-454c9-product_list.jpg", "unit_price_raw": "kr 235,00 per kg", "product_url": "https://kolonial.no/produkter/12292-tine-balsfjord/", "kolonial_id": "12292"},
  {"category": "Fryst pizza", "category_list": ["Alle varer", "Pizza og taco", "Fryst pizza"], "title": "Ristorante Vegetale", "price": 45.2, "product_variant": "385 g", "quantity_info": [[385.0, "g"]], "image_url": "/media/uploads/public/202/259/136259-1ad35-product_list.jpg", "unit_price_raw": "kr 117,40 per kg", "product_url": "https://kolonial.no/produkter/23875-dr-oetker-ristorante-vegetale/", "kolonial_id": "23875"},
  {"category": "Tannpleie", "category_list": ["Alle varer", "Hygieneartikler", "Tannpleie"], "title": "Easy Clean Flosser", "price": 50.6, "product_variant": "21 stk refill, 1 stk", "quantity_info": [[21.0, "stkrefill"], [1.0, "stk"]], "image_url": "/media/uploads/public/201/56/155256-9fc93-product_list.jpg", "unit_price_raw": "kr 50,60 per stk", "product_url": "https://kolonial.no/produkter/25070-jordan-easy-clean-flosser-21-stk-refill/", "kolonial_id": "25070"},
  {"category": "Vaskemidler", "category_list": ["Alle varer", "T\u00f8rkepapir og vaskemidler", "Vaskemidler"], "title": "Wc-blokk", "price": 29.6, "product_variant": "3 stk", "quantity_info": [[3.0, "stk"]], "image_url": "/media/uploads/public/113/298/966298-86c61-product_list.jpg", "unit_price_raw": "kr 9,87 per stk", "product_url": "https://kolonial.no/produkter/5212-soft-style-wc-blokk-3stk/", "kolonial_id": "5212"},
  {"category": "Frossen fisk og sj\u00f8mat", "category_list": ["Alle varer", "Fisk og sj\u00f8mat", "Frossen fisk og sj\u00f8mat"], "title": "Lobnobs", "price": 19.3, "product_variant": "110 g", "quantity_info": [[110.0, "g"]], "image_url": "/media/uploads/public/274/123/966923-378a4-product_list.jpg", "unit_price_raw": "kr 175,45 per kg", "product_url": "https://kolonial.no/produkter/4117-sibelila-lobnobs-110g/", "kolonial_id": "4117"},
  {"category": "Baketilbeh\u00f8r", "category_list": ["Alle varer", "Mel og bakeingredienser", "Baketilbeh\u00f8r"], "title": "Makronfyll", "price": 31.8, "product_variant": "200 g", "quantity_info": [[200.0, "g"]], "image_url": "/media/uploads/public/288/256/964656-6cfd3-product_list.jpg", "unit_price_raw": "kr 159,00 per kg", "product_url": "https://kolonial.no/produkter/14305-freia-makronfyll-200g/", "kolonial_id": "14305"},
  {"category": "Klesvask", "category_list": ["Alle varer", "T\u00f8rkepapir og vaskemidler", "Klesvask"], "title": "Comfort Fresh Tech", "price": 32.4, "product_variant": "750 ml", "quantity_info": [[750.0, "ml"]], "image_url": "/media/uploads/public/125/26/964826-26658-product_list.jpg", "unit_price_raw": "kr 43,20 per l", "product_url": "https://kolonial.no/produkter/2611-comfort-comfort-fresh-tech-750ml/", "kolonial_id": "2611"},
  {"category": "Klesvask", "category_list": ["Alle varer", "T\u00f8rkepapir og vaskemidler", "Klesvask"], "title": "Comfort Exotic Dream", "price": 43.6, "product_variant": "750 ml", "quantity_info": [[750.0, "ml"]], "image_url": "/media/uploads/public/123/397/155197-4368f-product_list.jpg", "unit_price_raw": "kr 58,13 per l", "product_url": "https://kolonial.no/produkter/24993-comfort-comfort-exotic-dream/", "kolonial_id": "24993"},
  {"category": "Oljer og dressinger", "category_list": ["Alle varer", "Olje og krydder", "Oljer og dressinger"], "title": "Worcestershire Sauce", "price": 29.6, "product_variant": "150 ml", "quantity_info": [[150.0, "ml"]], "image_url": "/media/uploads/public/79/185/965785-6c605-product_list.jpg", "unit_price_raw": "kr 197,33 per l", "product_url": "https://kolonial.no/produkter/5809-heinz-worcestershire-sauce-150ml/", "kolonial_id": "5809"},
  {"category": "Ferdigmikser", "category_list": ["Alle varer", "Mel og bakeingredienser", "Ferdigmikser"], "title": "Sitronfromasj", "price": 19.5, "product_variant": "85 g", "quantity_info": [[85.0, "g"]], "image_url": "/media/uploads/public/179/197/370197-67aa9-product_list.jpg", "unit_price_raw": "kr 229,41 per kg", "product_url": "https://kolonial.no/produkter/25898-freia-sitronfromasj/", "kolonial_id": "25898"},
  {"category": "Tyggis og pastiller", "category_list": ["Alle varer", "Snacks og godteri", "Tyggis og pastiller"], "title": "L\u00e4kerol Classic Cactus", "price": 16.1, "product_variant": "25 g", "quantity_info": [[25.0, "g"]], "image_url": "/media/uploads/public/341/13/208813-c458f-product_list.jpg", "unit_price_raw": "kr 644,00 per kg", "product_url": "https://kolonial.no/produkter/15666-lakerol-lakerol-classic-cactus/", "kolonial_id": "15666"},
  {"category": "Frokostblandinger og gryn", "category_list": ["Alle varer", "Br\u00f8d og frokostblandinger", "Frokostblandinger og gryn"], "title": "Puffet Ris", "price": 14.0, "product_variant": "260 g", "quantity_info": [[260.0, "g"]], "image_url": "/media/uploads/public/98/335/964735-5e7e2-product_list.jpg", "unit_price_raw": "kr 53,85 per kg", "product_url": "https://kolonial.no/produkter/7240-tau-molle-puffet-ris-260g/", "kolonial_id": "7240"},
  {"category": "Frokostblandinger og gryn", "category_list": ["Alle varer", "Br\u00f8d og frokostblandinger", "Frokostblandinger og gryn"], "title": "Puffet Havre", "price": 18.5, "product_variant": "340 g", "quantity_info": [[340.0, "g"]], "image_url": "/media/uploads/public/317/54/296054-f1e15-product_list.jpg", "unit_price_raw": "kr 54,41 per kg", "product_url": "https://kolonial.no/produkter/25464-tau-molle-puffet-havre/", "kolonial_id": "25464"},
  {"category": "Frosne br\u00f8d og rundstykker", "category_list": ["Alle varer", "Br\u00f8d og frokostblandinger", "Frosne br\u00f8d og rundstykker"], "title": "Loff", "price": 34.9, "product_variant": "Glutenfri, 500 g", "quantity_info": [[500.0, "g"]], "image_url": "/media/uploads/public/167/389/971589-1bb88-product_list.jpg", "unit_price_raw": "kr 69,80 per kg", "product_url": "https://kolonial.no/produkter/23904-brisk-loff-glutenfri/", "kolonial_id": "23904"},
  {"category": "Supper", "category_list": ["Alle varer", "Middager og tilbeh\u00f8r", "Supper"], "title": "Zucchini & Paprika Suppe", "price": 45.0, "product_variant": "\u00d8kologisk, 570 g", "quantity_info": [[570.0, "g"]], "image_url": "/media/uploads/public/231/141/201741-af1be-product_list.jpg", "unit_price_raw": "kr 78,95 per kg", "product_url": "https://kolonial.no/produkter/25405-knorr-zucchini-paprika-suppe-okologisk/", "kolonial_id": "25405"},
  {"category": "Knekkebr\u00f8d", "category_list": ["Alle varer", "Br\u00f8d og frokostblandinger", "Knekkebr\u00f8d"], "title": "Havreknekkebr\u00f8d", "price": 47.5, "product_variant": "Glutenfri, 215 g", "quantity_info": [[215.0, "g"]], "image_url": "/media/uploads/public/55/46/964446-36341-product_list.jpg", "unit_price_raw": "kr 220,93 per kg", "product_url": "https://kolonial.no/produkter/7483-semper-havreknekkebrod-glutenfri/", "kolonial_id": "7483"},
  {"category": "Pasta og nudler", "category_list": ["Alle varer", "Middager og tilbeh\u00f8r", "Pasta og nudler"], "title": "Uten Lasagneplater", "price": 27.7, "product_variant": "Glutenfri, \u00d8kologisk, 250 g", "quantity_info": [[250.0, "g"]], "image_url": "/media/uploads/public/199/183/370183-46c2d-product_list.jpg", "unit_price_raw": "kr 110,80 per kg", "product_url": "https://kolonial.no/produkter/25259-rema-1000-uten-lasagneplater-glutenfri-okologisk/", "kolonial_id": "25259"},
  {"category": "Ferdige middagsretter", "category_list": ["Alle varer", "Middager og tilbeh\u00f8r", "Ferdige middagsretter"], "title": "Oksekj\u00f8tt i Saus", "price": 75.5, "product_variant": "580 g", "quantity_info": [[580.0, "g"]], "image_url": "/media/uploads/public/230/126/138926-42834-product_list.jpg", "unit_price_raw": "kr 130,17 per kg", "product_url": "https://kolonial.no/produkter/15154-fjordland-oksekjott-i-saus-580g/", "kolonial_id": "15154"},
  {"category": "Ferdigsauser", "category_list": ["Alle varer", "Middager og tilbeh\u00f8r", "Ferdigsauser"], "title": "Soyasaus Sushi", "price": 51.8, "product_variant": "250 ml", "quantity_info": [[250.0, "ml"]], "image_url": "/media/uploads/public/394/386/969586-634a6-product_list.jpg", "unit_price_raw": "kr 207,20 per l", "product_url": "https://kolonial.no/produkter/18778-kikkoman-soyasaus-sushi/", "kolonial_id": "18778"},
  {"category": "P\u00f8lser", "category_list": ["Alle varer", "Kj\u00f8tt og kylling", "P\u00f8lser"], "title": "Kj\u00f8ttp\u00f8lse Skinnfri", "price": 45.2, "product_variant": "450 g", "quantity_info": [[450.0, "g"]], "image_url": "/media/uploads/public/36/61/972461-d92f6-product_list.jpg", "unit_price_raw": "kr 100,44 per kg", "product_url": "https://kolonial.no/produkter/24105-prior-kjottpolse-skinnfri/", "kolonial_id": "24105"},
  {"category": "Gr\u00f8nnsaker", "category_list": ["Alle varer", "Frukt og gr\u00f8nt", "Gr\u00f8nnsaker"], "title": "Asparges Gr\u00f8nn Ekstra store", "price": 49.9, "product_variant": "Store, Peru, 450 g", "quantity_info": [[450.0, "g"]], "image_url": "/media/uploads/public/0/83/12083-9deda-product_list.jpg", "unit_price_raw": "kr 110,89 per kg", "product_url": "https://kolonial.no/produkter/9293-asparges-gronn-store-peru/", "kolonial_id": "9293"},
  {"category": "Frukt", "category_list": ["Alle varer", "Frukt og gr\u00f8nt", "Frukt"], "title": "R\u00f8de P\u00e6rer  Red Bartlett", "price": 27.9, "product_variant": "Italia, 4 stk", "quantity_info": [[4.0, "stk"]], "image_url": "/media/uploads/public/395/315/1006315-c9e06-product_list.jpg", "unit_price_raw": "kr 55,80 per kg", "product_url": "https://kolonial.no/produkter/28066-rode-paerer-italia/", "kolonial_id": "28066"},
  {"category": "Middagstilbeh\u00f8r", "category_list": ["Alle varer", "Middager og tilbeh\u00f8r", "Middagstilbeh\u00f8r"], "title": "V\u00e5rruller med Gr\u00f8nnsaker", "price": 37.0, "product_variant": "600 g", "quantity_info": [[600.0, "g"]], "image_url": "/media/uploads/public/151/84/296084-ed264-product_list.jpg", "unit_price_raw": "kr 61,67 per kg", "product_url": "https://kolonial.no/produkter/25149-ofas-varruller-med-gronnsaker/", "kolonial_id": "25149"},
  {"category": "Smoothie, yoghurt og mellomm\u00e5ltid", "category_list": ["Alle varer", "Barneprodukter", "Smoothie, yoghurt og mellomm\u00e5ltid"], "title": "Potetstaver", "price": 16.7, "product_variant": "Fra 9 mnd, 12 g", "quantity_info": [[9.0, "mnd"], [12.0, "g"]], "image_url": "/media/uploads/public/105/317/164717-cbfb2-product_list.jpg", "unit_price_raw": "kr 1391,67 per kg", "product_url": "https://kolonial.no/produkter/25019-kiddylicious-potetstaver-fra-9-mnd/", "kolonial_id": "25019"},
  {"category": "Middagsglass", "category_list": ["Alle varer", "Barneprodukter", "Middagsglass"], "title": "Gr\u00f8nnsaks- & Kyllinggryte", "price": 19.6, "product_variant": "\u00d8koligisk, fra 6 mnd, 190 g", "quantity_info": [[6.0, "mnd"], [190.0, "g"]], "image_url": "/media/uploads/public/179/342/971142-bdfb5-product_list.jpg", "unit_price_raw": "kr 103,16 per kg", "product_url": "https://kolonial.no/produkter/23346-hipp-gronnsaks-kyllinggryte-okoligisk-fra-6-mnd/", "kolonial_id": "23346"},
  {"category": "Snus", "category_list": ["Alle varer", "Snus og tobakk", "Snus"], "title": "G\u00f6teborgs No 1 Slim White", "price": 95.9, "product_variant": "0,02 kg", "quantity_info": [[0.02, "kg"]], "image_url": "https://kolonial.no/static/products/img/placeholder.bffcea8d3530.png", "unit_price_raw": "kr 4795,00 per kg", "product_url": "https://kolonial.no/produkter/25564-goteborgs-no-1-slim-white/", "kolonial_id": "25564"},
  {"category": "Syltet\u00f8y", "category_list": ["Alle varer", "P\u00e5legg", "Syltet\u00f8y"], "title": "Molte Heimefr\u00e5", "price": 65.9, "product_variant": "360 g", "quantity_info": [[360.0, "g"]], "image_url": "/media/uploads/public/251/147/972547-87d04-product_list.jpg", "unit_price_raw": "kr 183,06 per kg", "product_url": "https://kolonial.no/produkter/26321-molte-heimefra-1-stk/", "kolonial_id": "26321"},
  {"category": "Kj\u00f8tt- og kyllingp\u00e5legg", "category_list": ["Alle varer", "P\u00e5legg", "Kj\u00f8tt- og kyllingp\u00e5legg"], "title": "Kokt Skinke", "price": 18.8, "product_variant": "100 g", "quantity_info": [[100.0, "g"]], "image_url": "/media/uploads/public/159/193/966593-9b38e-product_list.jpg", "unit_price_raw": "kr 188,00 per kg", "product_url": "https://kolonial.no/produkter/4750-nordfjord-kokt-skinke-100g/", "kolonial_id": "4750"},
  {"category": "Kj\u00f8tt- og kyllingp\u00e5legg", "category_list": ["Alle varer", "P\u00e5legg", "Kj\u00f8tt- og kyllingp\u00e5legg"], "title": "Pepperskinke", "price": 18.9, "product_variant": "100 g", "quantity_info": [[100.0, "g"]], "image_url": "/media/uploads/public/311/189/966589-97fcb-product_list.jpg", "unit_price_raw": "kr 189,00 per kg", "product_url": "https://kolonial.no/produkter/4666-nordfjord-pepperskinke-100g/", "kolonial_id": "4666"},
  {"category": "Spekemat og salami", "category_list": ["Alle varer", "P\u00e5legg", "Spekemat og salami"], "title": "Fjellbris Strandaskinke", "price": 54.5, "product_variant": "100 g", "quantity_info": [[100.0, "g"]], "image_url": "/media/uploads/public/363/44/187644-fbd25-product_list.jpg", "unit_price_raw": "kr 545,00 per kg", "product_url": "https://kolonial.no/produkter/25337-stranda-fjellbris-strandaskinke/", "kolonial_id": "25337"},
  {"category": "Kattemat", "category_list": ["Alle varer", "Dyremat", "Kattemat"], "title": "Kattesand Klumpe", "price": 62.2, "product_variant": "5 kg", "quantity_info": [[5.0, "kg"]], "image_url": "/media/uploads/public/379/299/972299-a6b42-product_list.jpg", "unit_price_raw": "kr 12,44 per kg", "product_url": "https://kolonial.no/produkter/17044-kattesand-klumpe/", "kolonial_id": "17044"},
  {"category": "Fl\u00f8te og r\u00f8mmeprodukter", "category_list": ["Alle varer", "Melk, meieriprodukter og egg", "Fl\u00f8te og r\u00f8mmeprodukter"], "title": "Lett God R\u00f8mmesmak 2%", "price": 20.9, "product_variant": "300 g", "quantity_info": [[300.0, "g"]], "image_url": "/media/uploads/public/17/195/374595-c52f1-product_list.jpg", "unit_price_raw": "kr 69,67 per kg", "product_url": "https://kolonial.no/produkter/26093-tine-lett-god-rommesmak-2/", "kolonial_id": "26093"},
  {"category": "Yoghurt", "category_list": ["Alle varer", "Melk, meieriprodukter og egg", "Yoghurt"], "title": "Flow Kremet Mint", "price": 27.6, "product_variant": "165 g", "quantity_info": [[165.0, "g"]], "image_url": "/media/uploads/public/339/229/969829-9e3cd-product_list.jpg", "unit_price_raw": "kr 167,27 per kg", "product_url": "https://kolonial.no/produkter/19288-synnove-flow-kremet-mint/", "kolonial_id": "19288"},
  {"category": "Yoghurt", "category_list": ["Alle varer", "Melk, meieriprodukter og egg", "Yoghurt"], "title": "Piano Duo Yoghurt", "price": 12.5, "product_variant": "Sjokolade og sjokocrisp, 122 g", "quantity_info": [[122.0, "g"]], "image_url": "/media/uploads/public/0/172/19372-92b09-product_list.jpg", "unit_price_raw": "kr 102,46 per kg", "product_url": "https://kolonial.no/produkter/12013-tine-piano-duo-yoghurt-sjokolade-og-sjokocrisp-122/", "kolonial_id": "12013"},
  {"category": "Te", "category_list": ["Alle varer", "Drikkevarer", "Te"], "title": "Pukka Elderberry & Echinacea Tea", "price": 62.7, "product_variant": "20 stk", "quantity_info": [[20.0, "stk"]], "image_url": "/media/uploads/public/0/61/11261-480b3-product_list.jpg", "unit_price_raw": "kr 3,14 per stk", "product_url": "https://kolonial.no/produkter/2188-pukka-pukka-elderberry-echinacea-tea/", "kolonial_id": "2188"},
  {"category": "Kaffe", "category_list": ["Alle varer", "Drikkevarer", "Kaffe"], "title": "Dolce Gusto Cafe Au Lait", "price": 58.4, "product_variant": "8+8 kapsler, 8 stk", "quantity_info": [[8.0, ""], [8.0, "kapsler"], [8.0, "stk"]], "image_url": "/media/uploads/public/124/46/966046-551ad-product_list.jpg", "unit_price_raw": "kr 7,30 per stk", "product_url": "https://kolonial.no/produkter/11308-dolce-gusto-dolce-gusto-cafe-au-lait-88-kapsler/", "kolonial_id": "11308"},
  {"category": "Saft", "category_list": ["Alle varer", "Drikkevarer", "Saft"], "title": "Kuli Appelsin", "price": 14.9, "product_variant": "1 stk", "quantity_info": [[1.0, "stk"]], "image_url": "/media/uploads/public/0/332/98332-9c1c1-product_list.jpg", "unit_price_raw": "kr 14,90 per stk", "product_url": "https://kolonial.no/produkter/22117-kuli-appelsin-1-stk/", "kolonial_id": "22117"},
  {"category": "Juice", "category_list": ["Alle varer", "Drikkevarer", "Juice"], "title": "Mozell Eplemost", "price": 20.9, "product_variant": "0,33 l", "quantity_info": [[0.33, "l"]], "image_url": "/media/uploads/public/0/53/82453-22bf0-product_list.jpg", "unit_price_raw": "kr 63,33 per l", "product_url": "https://kolonial.no/produkter/20116-ringnes-mozell-eplemost/", "kolonial_id": "20116"},
  {"category": "Spesialoster", "category_list": ["Alle varer", "Oster", "Spesialoster"], "title": "Frityr Camembert Gourmet", "price": 66.0, "product_variant": "200 g", "quantity_info": [[200.0, "g"]], "image_url": "/media/uploads/public/383/251/969851-ec7e6-product_list.jpg", "unit_price_raw": "kr 330,00 per kg", "product_url": "https://kolonial.no/produkter/18607-frityr-camembert-gourmet/", "kolonial_id": "18607"},
  {"category": "Brus", "category_list": ["Alle varer", "Drikkevarer", "Brus"], "title": "Solo", "price": 54.9, "product_variant": "4 x 0,33l, 1,32 l", "quantity_info": [[4.0, "x"], [0.33, "l"], [1.32, "l"]], "image_url": "/media/uploads/public/340/101/723701-15bc3-product_list.jpg", "unit_price_raw": "kr 41,59 per l", "product_url": "https://kolonial.no/produkter/19903-solo-solo-4-x-033l/", "kolonial_id": "19903"},
  {"category": "Taco", "category_list": ["Alle varer", "Pizza og taco", "Taco"], "title": "Tortilla Strips Cheese", "price": 30.6, "product_variant": "185 g", "quantity_info": [[185.0, "g"]], "image_url": "/media/uploads/public/33/324/1020724-a5cae-product_list.jpg", "unit_price_raw": "kr 165,41 per kg", "product_url": "https://kolonial.no/produkter/27633-old-el-paso-tortilla-strips-cheese/", "kolonial_id": "27633"},
  {"category": "Hjemmelaget pizza", "category_list": ["Alle varer", "Pizza og taco", "Hjemmelaget pizza"], "title": "Pizza Sauce", "price": 32.7, "product_variant": "280 ml", "quantity_info": [[280.0, "ml"]], "image_url": "/media/uploads/public/103/182/970182-ab6d2-product_list.jpg", "unit_price_raw": "kr 116,79 per l", "product_url": "https://kolonial.no/produkter/20986-santa-maria-pizza-sauce/", "kolonial_id": "20986"},
  {"category": "Melk", "category_list": ["Alle varer", "Melk, meieriprodukter og egg", "Melk"], "title": "Litago Lettere Jordb\u00e6rsmak", "price": 24.6, "product_variant": "0,5 l", "quantity_info": [[0.5, "l"]], "image_url": "/media/uploads/public/352/1/968401-95476-product_list.jpg", "unit_price_raw": "kr 49,20 per l", "product_url": "https://kolonial.no/produkter/12343-tine-litago-lettere-jordbaersmak-05l/", "kolonial_id": "12343"},
  {"category": "Krydder", "category_list": ["Alle varer", "Olje og krydder", "Krydder"], "title": "Kanel", "price": 10.2, "product_variant": "Hel, 10 g", "quantity_info": [[10.0, "g"]], "image_url": "/media/uploads/public/348/249/969049-8c3cc-product_list.jpg", "unit_price_raw": "kr 1020,00 per kg", "product_url": "https://kolonial.no/produkter/6070-toro-kanel-hel-10g/", "kolonial_id": "6070"},
  {"category": "Bind og tamponger", "category_list": ["Alle varer", "Hygieneartikler", "Bind og tamponger"], "title": "Bind Invisible Clip Normal", "price": 22.7, "product_variant": "14 stk", "quantity_info": [[14.0, "stk"]], "image_url": "/media/uploads/public/96/197/967397-4c271-product_list.jpg", "unit_price_raw": "kr 1,62 per stk", "product_url": "https://kolonial.no/produkter/7012-libresse-bind-invisible-clip-normal-14-stk/", "kolonial_id": "7012"},
  {"category": "Shampo og h\u00e5rprodukter", "category_list": ["Alle varer", "Shampo, s\u00e5pe og krem", "Shampo og h\u00e5rprodukter"], "title": "2in1 Classic Clean", "price": 34.1, "product_variant": "225 ml", "quantity_info": [[225.0, "ml"]], "image_url": "/media/uploads/public/146/93/972093-4f0f6-product_list.jpg", "unit_price_raw": "kr 151,56 per l", "product_url": "https://kolonial.no/produkter/3004-head-shoulders-2in1-classic-clean-270g/", "kolonial_id": "3004"},
  {"category": "Shampo og h\u00e5rprodukter", "category_list": ["Alle varer", "Shampo, s\u00e5pe og krem", "Shampo og h\u00e5rprodukter"], "title": "Shampo Classic Clean", "price": 33.1, "product_variant": "250 ml", "quantity_info": [[250.0, "ml"]], "image_url": "/media/uploads/public/279/80/972080-fd268-product_list.jpg", "unit_price_raw": "kr 132,40 per l", "product_url": "https://kolonial.no/produkter/3001-head-shoulders-shampo-classic-clean-300ml/", "kolonial_id": "3001"},
  {"category": "Gulost", "category_list": ["Alle varer", "Oster", "Gulost"], "title": "Ridderost", "price": 58.7, "product_variant": "Kittmodnet Ost 38%, 285 g", "quantity_info": [[38.0, ""], [285.0, "g"]], "image_url": "/media/uploads/public/93/212/145012-30be5-product_list.jpg", "unit_price_raw": "kr 205,96 per kg", "product_url": "https://kolonial.no/produkter/23486-tine-ridderost-kittmodnet-ost-38/", "kolonial_id": "23486"},
  {"category": "Fryst pizza", "category_list": ["Alle varer", "Pizza og taco", "Fryst pizza"], "title": "Ristorante Hawaii", "price": 36.9, "product_variant": "355 g", "quantity_info": [[355.0, "g"]], "image_url": "/media/uploads/public/270/260/136260-b848c-product_list.jpg", "unit_price_raw": "kr 103,94 per kg", "product_url": "https://kolonial.no/produkter/23876-dr-oetker-ristorante-hawaii/", "kolonial_id": "23876"},
  {"category": "Tannpleie", "category_list": ["Alle varer", "Hygieneartikler", "Tannpleie"], "title": "Clean Between", "price": 34.3, "product_variant": "Tannstikkere, 20 stk", "quantity_info": [[20.0, "stk"]], "image_url": "/media/uploads/public/17/65/964865-29118-product_list.jpg", "unit_price_raw": "kr 1,72 per stk", "product_url": "https://kolonial.no/produkter/6976-jordan-clean-between-tannstikkere-20-stk/", "kolonial_id": "6976"},
  {"category": "Vaskemidler", "category_list": ["Alle varer", "T\u00f8rkepapir og vaskemidler", "Vaskemidler"], "title": "Lavendel Duftblokk", "price": 22.1, "product_variant": "150 g", "quantity_info": [[150.0, "g"]], "image_url": "/media/uploads/public/360/79/968079-17424-product_list.jpg", "unit_price_raw": "kr 147,33 per kg", "product_url": "https://kolonial.no/produkter/7630-glade-lavendel-duftblokk-150g/", "kolonial_id": "7630"},
  {"category": "Vaskemidler", "category_list": ["Alle varer", "T\u00f8rkepapir og vaskemidler", "Vaskemidler"], "title": "Glade Clean Linen Luftfrisk", "price": 42.0, "product_variant": "300 ml", "quantity_info": [[300.0, "ml"]], "image_url": "/media/uploads/public/388/162/370162-c9d29-product_list.jpg", "unit_price_raw": "kr 140,00 per l", "product_url": "https://kolonial.no/produkter/25867-glade-glade-clean-linen-luftfrisk/", "kolonial_id": "25867"},
  {"category": "Frossen fisk og sj\u00f8mat", "category_list": ["Alle varer", "Fisk og sj\u00f8mat", "Frossen fisk og sj\u00f8mat"], "title": "Best Pris Reker", "price": 129.0, "product_variant": "90+, 2 kg", "quantity_info": [[90.0, ""], [2.0, "kg"]], "image_url": "/media/uploads/public/184/34/973234-a0bec-product_list.jpg", "unit_price_raw": "kr 64,50 per kg", "product_url": "https://kolonial.no/produkter/13789-rema-1000-best-pris-reker-90/", "kolonial_id": "13789"},
  {"category": "Baketilbeh\u00f8r", "category_list": ["Alle varer", "Mel og bakeingredienser", "Baketilbeh\u00f8r"], "title": "Hakkede Mandler", "price": 36.0, "product_variant": "50 g", "quantity_info": [[50.0, "g"]], "image_url": "/media/uploads/public/329/21/134821-cd4a6-product_list.jpg", "unit_price_raw": "kr 720,00 per kg", "product_url": "https://kolonial.no/produkter/23791-dr-oetker-hakkede-mandler/", "kolonial_id": "23791"},
  {"category": "Klesvask", "category_list": ["Alle varer", "T\u00f8rkepapir og vaskemidler", "Klesvask"], "title": "Comfort \u00c5rets Duft", "price": 46.9, "product_variant": "750 ml", "quantity_info": [[750.0, "ml"]], "image_url": "/media/uploads/public/56/153/972153-db357-product_list.jpg", "unit_price_raw": "kr 62,53 per l", "product_url": "https://kolonial.no/produkter/24986-comfort-comfort-forest-berry-dream/", "kolonial_id": "24986"},
  {"category": "Oljer og dressinger", "category_list": ["Alle varer", "Olje og krydder", "Oljer og dressinger"], "title": "Sushi Su", "price": 36.0, "product_variant": "150 ml", "quantity_info": [[150.0, "ml"]], "image_url": "/media/uploads/public/71/256/971856-e6d1c-product_list.jpg", "unit_price_raw": "kr 240,00 per l", "product_url": "https://kolonial.no/produkter/24086-blue-dragon-sushi-su/", "kolonial_id": "24086"},
  {"category": "Oljer og dressinger", "category_list": ["Alle varer", "Olje og krydder", "Oljer og dressinger"], "title": "Sitronjuice", "price": 10.2, "product_variant": "200 ml", "quantity_info": [[200.0, "ml"]], "image_url": "/media/uploads/public/74/360/971560-d7e81-product_list.jpg", "unit_price_raw": "kr 51,00 per l", "product_url": "https://kolonial.no/produkter/23885-rema-1000-sitronjuice/", "kolonial_id": "23885"},
  {"category": "Ferdigmikser", "category_list": ["Alle varer", "Mel og bakeingredienser", "Ferdigmikser"], "title": "Proteinpannekake Mix", "price": 200.0, "product_variant": "910 g", "quantity_info": [[910.0, "g"]], "image_url": "/media/uploads/public/264/277/973077-29b5e-product_list.jpg", "unit_price_raw": "kr 219,78 per kg", "product_url": "https://kolonial.no/produkter/27030-proteinfabrikken-proteinpannekake/", "kolonial_id": "27030"},
  {"category": "Tyggis og pastiller", "category_list": ["Alle varer", "Snacks og godteri", "Tyggis og pastiller"], "title": "L\u00e4kerol Classic Salty Caramel", "price": 16.8, "product_variant": "25 g", "quantity_info": [[25.0, "g"]], "image_url": "/media/uploads/public/128/117/188117-ee1eb-product_list.jpg", "unit_price_raw": "kr 672,00 per kg", "product_url": "https://kolonial.no/produkter/25355-lakerol-lakerol-classic-salty-caramel/", "kolonial_id": "25355"},
  {"category": "Frokostblandinger og gryn", "category_list": ["Alle varer", "Br\u00f8d og frokostblandinger", "Frokostblandinger og gryn"], "title": "Fruktm\u00fcsli", "price": 24.8, "product_variant": "1 kg", "quantity_info": [[1.0, "kg"]], "image_url": "/media/uploads/public/7/225/156625-c2ecf-product_list.jpg", "unit_price_raw": "kr 24,80 per kg", "product_url": "https://kolonial.no/produkter/16383-rema-1000-fruktmusli/", "kolonial_id": "16383"},
  {"category": "Frosne br\u00f8d og rundstykker", "category_list": ["Alle varer", "Br\u00f8d og frokostblandinger", "Frosne br\u00f8d og rundstykker"], "title": "Grovbr\u00f8d Xl", "price": 52.5, "product_variant": "Glutenfri, 450 g", "quantity_info": [[450.0, "g"]], "image_url": "/media/uploads/public/134/155/969355-8b614-product_list.jpg", "unit_price_raw": "kr 116,67 per kg", "product_url": "https://kolonial.no/produkter/16972-semper-grovbrod-xl-glutenfri/", "kolonial_id": "16972"},
  {"category": "Supper", "category_list": ["Alle varer", "Middager og tilbeh\u00f8r", "Supper"], "title": "Minestronesuppe", "price": 42.9, "product_variant": "570 ml", "quantity_info": [[570.0, "ml"]], "image_url": "/media/uploads/public/234/161/324961-ea4bd-product_list.jpg", "unit_price_raw": "kr 75,26 per l", "product_url": "https://kolonial.no/produkter/25613-knorr-minestronesuppe/", "kolonial_id": "25613"},
  {"category": "Supper", "category_list": ["Alle varer", "Middager og tilbeh\u00f8r", "Supper"], "title": "Minestronesuppe", "price": 27.9, "product_variant": "Cup a Soup, 3 stk", "quantity_info": [[3.0, "stk"]], "image_url": "/media/uploads/public/333/389/815589-d980a-product_list.jpg", "unit_price_raw": "kr 9,30 per stk", "product_url": "https://kolonial.no/produkter/27810-knorr-cup-a-soup-minestrone-1-stk/", "kolonial_id": "27810"},
  {"category": "Knekkebr\u00f8d", "category_list": ["Alle varer", "Br\u00f8d og frokostblandinger", "Knekkebr\u00f8d"], "title": "Chia Knekkebr\u00f8d", "price": 26.0, "product_variant": "Glutenfri, 140 g", "quantity_info": [[140.0, "g"]], "image_url": "/media/uploads/public/377/27/969627-8f72a-product_list.jpg", "unit_price_raw": "kr 185,71 per kg", "product_url": "https://kolonial.no/produkter/18847-semper-chia-knekkebrod-glutenfri/", "kolonial_id": "18847"},
  {"category": "Langtidsholdbare br\u00f8d", "category_list": ["Alle varer", "Br\u00f8d og frokostblandinger", "Langtidsholdbare br\u00f8d"], "title": "Br\u00f8d Toasty Fiber", "price": 55.4, "product_variant": "Glutenfri, 400 g", "quantity_info": [[400.0, "g"]], "image_url": "/media/uploads/public/333/122/969322-3f9c2-product_list.jpg", "unit_price_raw": "kr 138,50 per kg", "product_url": "https://kolonial.no/produkter/16993-semper-brod-toasty-fiber-glutenfri/", "kolonial_id": "16993"},
  {"category": "Pasta og nudler", "category_list": ["Alle varer", "Middager og tilbeh\u00f8r", "Pasta og nudler"], "title": "Makaroni Fullkorn", "price": 21.3, "product_variant": "500 g", "quantity_info": [[500.0, "g"]], "image_url": "/media/uploads/public/349/64/965664-4c0db-product_list.jpg", "unit_price_raw": "kr 42,60 per kg", "product_url": "https://kolonial.no/produkter/8336-sopps-makaroni-fullkorn-500g/", "kolonial_id": "8336"},
  {"category": "Hermetisert frukt og gr\u00f8nt", "category_list": ["Alle varer", "Frukt og gr\u00f8nt", "Hermetisert frukt og gr\u00f8nt"], "title": "Asparges Hele", "price": 21.6, "product_variant": "330 g", "quantity_info": [[330.0, "g"]], "image_url": "/media/uploads/public/74/206/966206-8020e-product_list.jpg", "unit_price_raw": "kr 65,45 per kg", "product_url": "https://kolonial.no/produkter/8828-rema-1000-asparges-hele-330g/", "kolonial_id": "8828"},
  {"category": "Ferdige middagsretter", "category_list": ["Alle varer", "Middager og tilbeh\u00f8r", "Ferdige middagsretter"], "title": "Svinestek", "price": 79.5, "product_variant": "580 g", "quantity_info": [[580.0, "g"]], "image_url": "/media/uploads/public/361/120/138920-44eea-product_list.jpg", "unit_price_raw": "kr 137,07 per kg", "product_url": "https://kolonial.no/produkter/95-fjordland-svinestek/", "kolonial_id": "95"},
  {"category": "P\u00f8lser", "category_list": ["Alle varer", "Kj\u00f8tt og kylling", "P\u00f8lser"], "title": "Sm\u00e5rettp\u00f8lse", "price": 37.0, "product_variant": "200 g", "quantity_info": [[200.0, "g"]], "image_url": "/media/uploads/public/211/398/972398-a0f37-product_list.jpg", "unit_price_raw": "kr 185,00 per kg", "product_url": "https://kolonial.no/produkter/24134-gilde-smarettpolse/", "kolonial_id": "24134"},
  {"category": "Gr\u00f8nnsaker", "category_list": ["Alle varer", "Frukt og gr\u00f8nt", "Gr\u00f8nnsaker"], "title": "Aspargestopper", "price": 75.9, "product_variant": "Peru, 200 g", "quantity_info": [[200.0, "g"]], "image_url": "/media/uploads/public/7/271/627471-f5891-product_list.jpg", "unit_price_raw": "kr 379,50 per kg", "product_url": "https://kolonial.no/produkter/26816-aspargestopper-peru/", "kolonial_id": "26816"},
  {"category": "Middagstilbeh\u00f8r", "category_list": ["Alle varer", "Middager og tilbeh\u00f8r", "Middagstilbeh\u00f8r"], "title": "Spr\u00f8stekt L\u00f8k", "price": 9.2, "product_variant": "100 g", "quantity_info": [[100.0, "g"]], "image_url": "/media/uploads/public/293/228/511028-900bc-product_list.jpg", "unit_price_raw": "kr 92,00 per kg", "product_url": "https://kolonial.no/produkter/26278-rema-1000-sprostekt-lok/", "kolonial_id": "26278"},
  {"category": "Smoothie, yoghurt og mellomm\u00e5ltid", "category_list": ["Alle varer", "Barneprodukter", "Smoothie, yoghurt og mellomm\u00e5ltid"], "title": "Mini-Stars", "price": 20.5, "product_variant": "37 g", "quantity_info": [[37.0, "g"]], "image_url": "/media/uploads/public/172/277/140277-91928-product_list.jpg", "unit_price_raw": "kr 554,05 per kg", "product_url": "https://kolonial.no/produkter/23989-hipp-mini-stars/", "kolonial_id": "23989"},
  {"category": "Middagsglass", "category_list": ["Alle varer", "Barneprodukter", "Middagsglass"], "title": "\u00d8kologiske Favorittnudler", "price": 20.6, "product_variant": "Fra 6 mnd, 190 g", "quantity_info": [[6.0, "mnd"], [190.0, "g"]], "image_url": "/media/uploads/public/45/134/971334-49f03-product_list.jpg", "unit_price_raw": "kr 108,42 per kg", "product_url": "https://kolonial.no/produkter/23409-hipp-okologiske-favorittnudler-fra-6-mnd/", "kolonial_id": "23409"},
  {"category": "Snus", "category_list": ["Alle varer", "Snus og tobakk", "Snus"], "title": "Epok No4 Purple Intense S4", "price": 95.9, "product_variant": "16,8 g", "quantity_info": [[16.8, "g"]], "image_url": "https://kolonial.no/static/products/img/placeholder.bffcea8d3530.png", "unit_price_raw": "kr 5708,33 per kg", "product_url": "https://kolonial.no/produkter/26012-epok-epok-no4-purple-intense-s4/", "kolonial_id": "26012"},
  {"category": "Syltet\u00f8y", "category_list": ["Alle varer", "P\u00e5legg", "Syltet\u00f8y"], "title": "Jordb\u00e6rsyltet\u00f8y", "price": 28.8, "product_variant": "Squeezy, 425 g", "quantity_info": [[425.0, "g"]], "image_url": "/media/uploads/public/390/31/965231-ceb5a-product_list.jpg", "unit_price_raw": "kr 67,76 per kg", "product_url": "https://kolonial.no/produkter/1177-nora-jordbaersyltetoy-squeezy-435g/", "kolonial_id": "1177"},
  {"category": "Fiskep\u00e5legg", "category_list": ["Alle varer", "P\u00e5legg", "Fiskep\u00e5legg"], "title": "Sardiner i Olivenolje", "price": 33.9, "product_variant": "106 g", "quantity_info": [[106.0, "g"]], "image_url": "/media/uploads/public/158/53/1012853-d0d2a-product_list.jpg", "unit_price_raw": "kr 319,81 per kg", "product_url": "https://kolonial.no/produkter/28087-sardiner-extra-virgin-olivenolje-fine-106-g/", "kolonial_id": "28087"},
  {"category": "Kj\u00f8tt- og kyllingp\u00e5legg", "category_list": ["Alle varer", "P\u00e5legg", "Kj\u00f8tt- og kyllingp\u00e5legg"], "title": "Okserull", "price": 29.8, "product_variant": "100 g", "quantity_info": [[100.0, "g"]], "image_url": "/media/uploads/public/245/204/966604-f7197-product_list.jpg", "unit_price_raw": "kr 298,00 per kg", "product_url": "https://kolonial.no/produkter/4654-nordfjord-okserull-100g/", "kolonial_id": "4654"},
  {"category": "Spekemat og salami", "category_list": ["Alle varer", "P\u00e5legg", "Spekemat og salami"], "title": "Classic Serrano Skivet", "price": 29.8, "product_variant": "55 g", "quantity_info": [[55.0, "g"]], "image_url": "/media/uploads/public/350/224/971024-59650-product_list.jpg", "unit_price_raw": "kr 541,82 per kg", "product_url": "https://kolonial.no/produkter/23235-taga-classic-serrano-skivet/", "kolonial_id": "23235"},
  {"category": "Kattemat", "category_list": ["Alle varer", "Dyremat", "Kattemat"], "title": "Kattesand", "price": 30.4, "product_variant": "Ikke klumpende, 3 kg", "quantity_info": [[3.0, "kg"]], "image_url": "/media/uploads/public/285/370/996370-9d7f9-product_list.jpg", "unit_price_raw": "kr 10,13 per kg", "product_url": "https://kolonial.no/produkter/8586-bestevenn-kattesand-ikke-klumpende/", "kolonial_id": "8586"},
  {"category": "Fl\u00f8te og r\u00f8mmeprodukter", "category_list": ["Alle varer", "Melk, meieriprodukter og egg", "Fl\u00f8te og r\u00f8mmeprodukter"], "title": "Alternativ til Matfl\u00f8te", "price": 26.2, "product_variant": "250 ml", "quantity_info": [[250.0, "ml"]], "image_url": "/media/uploads/public/302/202/971402-ce6ec-product_list.jpg", "unit_price_raw": "kr 104,80 per l", "product_url": "https://kolonial.no/produkter/23432-alpro-alternativ-til-matflote/", "kolonial_id": "23432"},
  {"category": "Yoghurt", "category_list": ["Alle varer", "Melk, meieriprodukter og egg", "Yoghurt"], "title": "Piano Duo Yoghurt og N\u00f8ttetoffee", "price": 14.1, "product_variant": "119 g", "quantity_info": [[119.0, "g"]], "image_url": "/media/uploads/public/0/44/6844-1ab58-product_list.jpg", "unit_price_raw": "kr 118,49 per kg", "product_url": "https://kolonial.no/produkter/8119-tine-piano-duo-yoghurt-og-nottetoffee-119g/", "kolonial_id": "8119"},
  {"category": "Te", "category_list": ["Alle varer", "Drikkevarer", "Te"], "title": "Herbal Collection", "price": 60.9, "product_variant": "20 stk", "quantity_info": [[20.0, "stk"]], "image_url": "/media/uploads/public/393/259/525459-e6b1a-product_list.jpg", "unit_price_raw": "kr 3,05 per stk", "product_url": "https://kolonial.no/produkter/26374-pukka-herbal-collection/", "kolonial_id": "26374"},
  {"category": "Kaffe", "category_list": ["Alle varer", "Drikkevarer", "Kaffe"], "title": "Kaffekapsel Espresso", "price": 39.1, "product_variant": "10 stk", "quantity_info": [[10.0, "stk"]], "image_url": "/media/uploads/public/320/305/164705-dd0d2-product_list.jpg", "unit_price_raw": "kr 3,91 per stk", "product_url": "https://kolonial.no/produkter/24936-kjeldsberg-kaffebrenneri-kaffekapsel-espresso/", "kolonial_id": "24936"},
  {"category": "Juice", "category_list": ["Alle varer", "Drikkevarer", "Juice"], "title": "Juice Drue, Eple & Bl\u00e5b\u00e6r", "price": 25.7, "product_variant": "1 l", "quantity_info": [[1.0, "l"]], "image_url": "/media/uploads/public/386/292/164692-b2624-product_list.jpg", "unit_price_raw": "kr 25,70 per l", "product_url": "https://kolonial.no/produkter/24931-rema-1000-juice-drue-eple-blabaer/", "kolonial_id": "24931"},
  {"category": "Juice", "category_list": ["Alle varer", "Drikkevarer", "Juice"], "title": "Juice Med Granateple & Drue", "price": 23.9, "product_variant": "1 l", "quantity_info": [[1.0, "l"]], "image_url": "/media/uploads/public/285/343/965143-f0d1e-product_list.jpg", "unit_price_raw": "kr 23,90 per l", "product_url": "https://kolonial.no/produkter/8390-rema-1000-juice-med-granateple-drue/", "kolonial_id": "8390"},
  {"category": "Spesialoster", "category_list": ["Alle varer", "Oster", "Spesialoster"], "title": "Grana Padano Trekant 10 mnd DOP", "price": 79.5, "product_variant": "200 g", "quantity_info": [[200.0, "g"]], "image_url": "/media/uploads/public/320/221/969821-f026a-product_list.jpg", "unit_price_raw": "kr 397,50 per kg", "product_url": "https://kolonial.no/produkter/18676-grana-padano-trekant-10-mnd-dop/", "kolonial_id": "18676"},
  {"category": "Spesialoster", "category_list": ["Alle varer", "Oster", "Spesialoster"], "title": "Gresk Feta PDO", "price": 59.6, "product_variant": "\u00d8kologisk, 200 g", "quantity_info": [[200.0, "g"]], "image_url": "/media/uploads/public/20/14/970014-17152-product_list.jpg", "unit_price_raw": "kr 298,00 per kg", "product_url": "https://kolonial.no/produkter/18595-gresk-feta-pdo-okologisk/", "kolonial_id": "18595"},
  {"category": "Brus", "category_list": ["Alle varer", "Drikkevarer", "Brus"], "title": "Solo Super Boks", "price": 54.9, "product_variant": "4 x 0,33l, 1,32 l", "quantity_info": [[4.0, "x"], [0.33, "l"], [1.32, "l"]], "image_url": "/media/uploads/public/235/100/723700-f6152-product_list.jpg", "unit_price_raw": "kr 41,59 per l", "product_url": "https://kolonial.no/produkter/27748-solo-solo-super-boks-4-x-033l/", "kolonial_id": "27748"},
  {"category": "Taco", "category_list": ["Alle varer", "Pizza og taco", "Taco"], "title": "Tortilla Strips Original Salt 185g", "price": 30.6, "product_variant": "185 g", "quantity_info": [[185.0, "g"]], "image_url": "/media/uploads/public/12/169/973769-bdf6c-product_list.jpg", "unit_price_raw": "kr 165,41 per kg", "product_url": "https://kolonial.no/produkter/27632-old-el-paso-tortilla-strips-original-salt-185g/", "kolonial_id": "27632"},
  {"category": "Taco", "category_list": ["Alle varer", "Pizza og taco", "Taco"], "title": "Dip Mild Guacamole", "price": 25.0, "product_variant": "Taste Lab, 150 g", "quantity_info": [[150.0, "g"]], "image_url": "/media/uploads/public/28/162/971762-1ff95-product_list.jpg", "unit_price_raw": "kr 166,67 per kg", "product_url": "https://kolonial.no/produkter/24023-rema-1000-dip-mild-guacamole-taste-lab/", "kolonial_id": "24023"},
  {"category": "Hjemmelaget pizza", "category_list": ["Alle varer", "Pizza og taco", "Hjemmelaget pizza"], "title": "Pizzasaus Gk", "price": 14.7, "product_variant": "200 g", "quantity_info": [[200.0, "g"]], "image_url": "/media/uploads/public/27/310/1007910-4da12-product_list.jpg", "unit_price_raw": "kr 73,50 per kg", "product_url": "https://kolonial.no/produkter/8782-findus-pizzasaus-gk-200g/", "kolonial_id": "8782"},
  {"category": "Melk", "category_list": ["Alle varer", "Melk, meieriprodukter og egg", "Melk"], "title": "Q-sjokolademelk", "price": 29.8, "product_variant": "1 l", "quantity_info": [[1.0, "l"]], "image_url": "/media/uploads/public/375/190/966990-23f2f-product_list.jpg", "unit_price_raw": "kr 29,80 per l", "product_url": "https://kolonial.no/produkter/3688-q-meieriene-q-sjokolademelk-1l/", "kolonial_id": "3688"},
  {"category": "Krydder", "category_list": ["Alle varer", "Olje og krydder", "Krydder"], "title": "Karve", "price": 11.2, "product_variant": "20 g", "quantity_info": [[20.0, "g"]], "image_url": "/media/uploads/public/71/304/965504-9c24f-product_list.jpg", "unit_price_raw": "kr 560,00 per kg", "product_url": "https://kolonial.no/produkter/6112-toro-karve-20g/", "kolonial_id": "6112"},
  {"category": "Bind og tamponger", "category_list": ["Alle varer", "Hygieneartikler", "Bind og tamponger"], "title": "Truseinnlegg Classic", "price": 23.9, "product_variant": "50 stk", "quantity_info": [[50.0, "stk"]], "image_url": "/media/uploads/public/23/216/965016-8a8d0-product_list.jpg", "unit_price_raw": "kr 0,48 per stk", "product_url": "https://kolonial.no/produkter/6988-libresse-truseinnlegg-classic/", "kolonial_id": "6988"},
  {"category": "Shampo og h\u00e5rprodukter", "category_list": ["Alle varer", "Shampo, s\u00e5pe og krem", "Shampo og h\u00e5rprodukter"], "title": "Balsam Apple Fresh", "price": 33.8, "product_variant": "200 ml", "quantity_info": [[200.0, "ml"]], "image_url": "/media/uploads/public/216/386/967186-8a9bb-product_list.jpg", "unit_price_raw": "kr 169,00 per l", "product_url": "https://kolonial.no/produkter/3007-head-shoulders-balsam-apple-fresh-200g/", "kolonial_id": "3007"},
  {"category": "Gulost", "category_list": ["Alle varer", "Oster", "Gulost"], "title": "Hvitost", "price": 87.7, "product_variant": "ca. 1,1 kg", "quantity_info": [[1.1, "kg"]], "image_url": "/media/uploads/public/302/31/972431-c6db3-product_list.jpg", "unit_price_raw": "kr 79,73 per kg", "product_url": "https://kolonial.no/produkter/4963-rema-1000-hvitost-1-kg/", "kolonial_id": "4963"},
  {"category": "Fryst pizza", "category_list": ["Alle varer", "Pizza og taco", "Fryst pizza"], "title": "Ristorante Bolognese", "price": 41.1, "product_variant": "375 g", "quantity_info": [[375.0, "g"]], "image_url": "/media/uploads/public/350/256/136256-aaae4-product_list.jpg", "unit_price_raw": "kr 109,60 per kg", "product_url": "https://kolonial.no/produkter/23872-dr-oetker-ristorante-bolognese/", "kolonial_id": "23872"},
  {"category": "Tannpleie", "category_list": ["Alle varer", "Hygieneartikler", "Tannpleie"], "title": "Tanntr\u00e5d Dentotape Slim", "price": 41.2, "product_variant": "50 m", "quantity_info": [[50.0, "m"]], "image_url": "/media/uploads/public/263/162/968162-121bd-product_list.jpg", "unit_price_raw": "kr 0,82 per m", "product_url": "https://kolonial.no/produkter/15573-tanntrad-dentotape-slim/", "kolonial_id": "15573"},
  {"category": "Vaskemidler", "category_list": ["Alle varer", "T\u00f8rkepapir og vaskemidler", "Vaskemidler"], "title": "Cool Mist Toalettblokk", "price": 30.8, "product_variant": "1 stk", "quantity_info": [[1.0, "stk"]], "image_url": "/media/uploads/public/32/51/964451-96ada-product_list.jpg", "unit_price_raw": "kr 30,80 per stk", "product_url": "https://kolonial.no/produkter/15399-wc-duck-cool-mist-toalettblokk/", "kolonial_id": "15399"},
  {"category": "Frossen fisk og sj\u00f8mat", "category_list": ["Alle varer", "Fisk og sj\u00f8mat", "Frossen fisk og sj\u00f8mat"], "title": "Fiskepinner", "price": 42.4, "product_variant": "450 g", "quantity_info": [[450.0, "g"]], "image_url": "/media/uploads/public/125/54/1012854-8b2d0-product_list.jpg", "unit_price_raw": "kr 94,22 per kg", "product_url": "https://kolonial.no/produkter/28088-findus-fiskepinner-450g-045-kg/", "kolonial_id": "28088"},
  {"category": "Baketilbeh\u00f8r", "category_list": ["Alle varer", "Mel og bakeingredienser", "Baketilbeh\u00f8r"], "title": "Mandelflak", "price": 28.8, "product_variant": "50 g", "quantity_info": [[50.0, "g"]], "image_url": "/media/uploads/public/227/19/134819-6d8db-product_list.jpg", "unit_price_raw": "kr 576,00 per kg", "product_url": "https://kolonial.no/produkter/23790-dr-oetker-mandelflak/", "kolonial_id": "23790"},
  {"category": "Baketilbeh\u00f8r", "category_list": ["Alle varer", "Mel og bakeingredienser", "Baketilbeh\u00f8r"], "title": "Skivede Mandler", "price": 73.0, "product_variant": "200 g", "quantity_info": [[200.0, "g"]], "image_url": "/media/uploads/public/275/20/134820-ccbc0-product_list.jpg", "unit_price_raw": "kr 365,00 per kg", "product_url": "https://kolonial.no/produkter/23792-dr-oetker-skivede-mandler/", "kolonial_id": "23792"},
  {"category": "Klesvask", "category_list": ["Alle varer", "T\u00f8rkepapir og vaskemidler", "Klesvask"], "title": "Comfort Sommerfrisk", "price": 39.5, "product_variant": "750 ml", "quantity_info": [[750.0, "ml"]], "image_url": "/media/uploads/public/193/102/371702-14277-product_list.jpg", "unit_price_raw": "kr 52,67 per l", "product_url": "https://kolonial.no/produkter/25961-comfort-comfort-sommerfrisk/", "kolonial_id": "25961"},
  {"category": "Oljer og dressinger", "category_list": ["Alle varer", "Olje og krydder", "Oljer og dressinger"], "title": "Realemon Sitronsaft", "price": 20.3, "product_variant": "250 ml", "quantity_info": [[250.0, "ml"]], "image_url": "/media/uploads/public/0/179/579-f4051-product_list.jpg", "unit_price_raw": "kr 81,20 per l", "product_url": "https://kolonial.no/produkter/460-realemon-realemon-sitronsaft/", "kolonial_id": "460"},
  {"category": "Ferdigmikser", "category_list": ["Alle varer", "Mel og bakeingredienser", "Ferdigmikser"], "title": "Toro Brownies", "price": 43.3, "product_variant": "Glutenfri, 540 g", "quantity_info": [[540.0, "g"]], "image_url": "/media/uploads/public/331/139/972939-13a9a-product_list.jpg", "unit_price_raw": "kr 80,19 per kg", "product_url": "https://kolonial.no/produkter/26828-toro-toro-brownies-glutenfri/", "kolonial_id": "26828"},
  {"category": "Tyggis og pastiller", "category_list": ["Alle varer", "Snacks og godteri", "Tyggis og pastiller"], "title": "Ifa Salt Lakris", "price": 17.7, "product_variant": "34 g", "quantity_info": [[34.0, "g"]], "image_url": "/media/uploads/public/346/172/965772-a2016-product_list.jpg", "unit_price_raw": "kr 520,59 per kg", "product_url": "https://kolonial.no/produkter/917-nidar-ifa-salt-lakris/", "kolonial_id": "917"},
  {"category": "Tyggis og pastiller", "category_list": ["Alle varer", "Snacks og godteri", "Tyggis og pastiller"], "title": "Gul Kamfer", "price": 41.7, "product_variant": "170 g", "quantity_info": [[170.0, "g"]], "image_url": "/media/uploads/public/287/321/968721-22cef-product_list.jpg", "unit_price_raw": "kr 245,29 per kg", "product_url": "https://kolonial.no/produkter/16110-brynild-gul-kamfer/", "kolonial_id": "16110"},
  {"category": "Frokostblandinger og gryn", "category_list": ["Alle varer", "Br\u00f8d og frokostblandinger", "Frokostblandinger og gryn"], "title": "M\u00fcsli Knasende med Frukt", "price": 60.8, "product_variant": "\u00d8kologisk, 375 g", "quantity_info": [[375.0, "g"]], "image_url": "/media/uploads/public/0/186/83386-e05b1-product_list.jpg", "unit_price_raw": "kr 162,13 per kg", "product_url": "https://kolonial.no/produkter/20275-helios-musli-knasende-med-frukt-okologisk/", "kolonial_id": "20275"},
  {"category": "Supper", "category_list": ["Alle varer", "Middager og tilbeh\u00f8r", "Supper"], "title": "Tomatsuppe", "price": 27.9, "product_variant": "Cup a Soup, 3 stk", "quantity_info": [[3.0, "stk"]], "image_url": "/media/uploads/public/37/388/815588-58f6d-product_list.jpg", "unit_price_raw": "kr 9,30 per stk", "product_url": "https://kolonial.no/produkter/27809-knorr-tomatsuppe-cup-soup/", "kolonial_id": "27809"},
  {"category": "Knekkebr\u00f8d", "category_list": ["Alle varer", "Br\u00f8d og frokostblandinger", "Knekkebr\u00f8d"], "title": "Knekkebr\u00f8d Med Surdeig", "price": 29.2, "product_variant": "Glutenfri, 130 g", "quantity_info": [[130.0, "g"]], "image_url": "/media/uploads/public/281/335/971135-3c56e-product_list.jpg", "unit_price_raw": "kr 224,62 per kg", "product_url": "https://kolonial.no/produkter/23340-semper-knekkebrod-med-surdeig-glutenfri/", "kolonial_id": "23340"},
  {"category": "Knekkebr\u00f8d", "category_list": ["Alle varer", "Br\u00f8d og frokostblandinger", "Knekkebr\u00f8d"], "title": "Lavkarbo-Knekkebr\u00f8d", "price": 41.5, "product_variant": "Glutenfri, 150 g", "quantity_info": [[150.0, "g"]], "image_url": "/media/uploads/public/33/157/186157-c5893-product_list.jpg", "unit_price_raw": "kr 276,67 per kg", "product_url": "https://kolonial.no/produkter/15474-brisk-lavkarbo-knekkebrod-glutenfri/", "kolonial_id": "15474"},
  {"category": "V\u00e5tservietter og s\u00e5pe", "category_list": ["Alle varer", "Barneprodukter", "V\u00e5tservietter og s\u00e5pe"], "title": "Tannb\u00f8rste 0-5 \u00e5r", "price": 31.5, "product_variant": "assortert variant, 1 stk", "quantity_info": [[1.0, "stk"]], "image_url": "/media/uploads/public/373/284/973884-74edd-product_list.jpg", "unit_price_raw": "kr 31,50 per stk", "product_url": "https://kolonial.no/produkter/27800-zendium-tannborste-0-5-ar-assortert-variant/", "kolonial_id": "27800"},
  {"category": "Pasta og nudler", "category_list": ["Alle varer", "Middager og tilbeh\u00f8r", "Pasta og nudler"], "title": "Penne Fullkorn", "price": 24.6, "product_variant": "525 g", "quantity_info": [[525.0, "g"]], "image_url": "/media/uploads/public/393/149/971349-a619d-product_list.jpg", "unit_price_raw": "kr 46,86 per kg", "product_url": "https://kolonial.no/produkter/7459-sopps-penne-fullkorn-500g/", "kolonial_id": "7459"},
  {"category": "Hermetisert frukt og gr\u00f8nt", "category_list": ["Alle varer", "Frukt og gr\u00f8nt", "Hermetisert frukt og gr\u00f8nt"], "title": "Kikerter", "price": 10.4, "product_variant": "0,41 kg", "quantity_info": [[0.41, "kg"]], "image_url": "/media/uploads/public/244/346/966346-a0559-product_list.jpg", "unit_price_raw": "kr 25,37 per kg", "product_url": "https://kolonial.no/produkter/8466-rema-1000-kikerter-400g/", "kolonial_id": "8466"},
  {"category": "Ferdige middagsretter", "category_list": ["Alle varer", "Middager og tilbeh\u00f8r", "Ferdige middagsretter"], "title": "Biffsnadder med Krydderpoteter & Bearnaisesaus", "price": 82.0, "product_variant": "490 g", "quantity_info": [[490.0, "g"]], "image_url": "/media/uploads/public/19/113/138913-cdb3c-product_list.jpg", "unit_price_raw": "kr 167,35 per kg", "product_url": "https://kolonial.no/produkter/13606-fjordland-biffsnadder-med-krydderpoteter-bearnaise/", "kolonial_id": "13606"},
  {"category": "P\u00f8lser", "category_list": ["Alle varer", "Kj\u00f8tt og kylling", "P\u00f8lser"], "title": "Chorizo Spicy", "price": 91.0, "product_variant": "Spania, 225 g", "quantity_info": [[225.0, "g"]], "image_url": "/media/uploads/public/0/334/108334-b974e-product_list.jpg", "unit_price_raw": "kr 404,44 per kg", "product_url": "https://kolonial.no/produkter/2125-chorizo-spicy-spania/", "kolonial_id": "2125"},
  {"category": "Gr\u00f8nnsaker", "category_list": ["Alle varer", "Frukt og gr\u00f8nt", "Gr\u00f8nnsaker"], "title": "Sukkererter", "price": 14.9, "product_variant": "Kenya, 150 g", "quantity_info": [[150.0, "g"]], "image_url": "/media/uploads/public/0/332/93532-5b9a1-product_list.jpg", "unit_price_raw": "kr 99,33 per kg", "product_url": "https://kolonial.no/produkter/9323-sukkererter-kenya/", "kolonial_id": "9323"},
  {"category": "Middagstilbeh\u00f8r", "category_list": ["Alle varer", "Middager og tilbeh\u00f8r", "Middagstilbeh\u00f8r"], "title": "Linsepasta Fusilli \u00d8kologisk", "price": 24.7, "product_variant": "Glutenfri, 250 g", "quantity_info": [[250.0, "g"]], "image_url": "/media/uploads/public/180/103/970903-af9af-product_list.jpg", "unit_price_raw": "kr 98,80 per kg", "product_url": "https://kolonial.no/produkter/26757-rema-1000-linsepasta-fusilli-okologisk-glutenfri/", "kolonial_id": "26757"},
  {"category": "Middagstilbeh\u00f8r", "category_list": ["Alle varer", "Middager og tilbeh\u00f8r", "Middagstilbeh\u00f8r"], "title": "Krutonger med Ost & Oregano", "price": 29.9, "product_variant": "50 g", "quantity_info": [[50.0, "g"]], "image_url": "/media/uploads/public/138/209/973009-bb540-product_list.jpg", "unit_price_raw": "kr 598,00 per kg", "product_url": "https://kolonial.no/produkter/26882-tipiak-krutonger-med-ost-oregano/", "kolonial_id": "26882"},
  {"category": "Smoothie, yoghurt og mellomm\u00e5ltid", "category_list": ["Alle varer", "Barneprodukter", "Smoothie, yoghurt og mellomm\u00e5ltid"], "title": "Organix Gulrotpinner", "price": 20.7, "product_variant": "Fra 7 mnd, 20 g", "quantity_info": [[7.0, "mnd"], [20.0, "g"]], "image_url": "/media/uploads/public/331/255/973455-e4b3a-product_list.jpg", "unit_price_raw": "kr 1035,00 per kg", "product_url": "https://kolonial.no/produkter/26738-semper-organix-gulrotpinner-fra-7-mnd/", "kolonial_id": "26738"},
  {"category": "Middagsglass", "category_list": ["Alle varer", "Barneprodukter", "Middagsglass"], "title": "Gr\u00f8nnsaker & Oksekj\u00f8tt", "price": 21.5, "product_variant": "Fra 12 mnd, 190 g", "quantity_info": [[12.0, "mnd"], [190.0, "g"]], "image_url": "/media/uploads/public/173/353/142353-ce2d7-product_list.jpg", "unit_price_raw": "kr 113,16 per kg", "product_url": "https://kolonial.no/produkter/23979-hipp-gronnsaker-oksekjott-fra-12-mnd/", "kolonial_id": "23979"},
  {"category": "Snus", "category_list": ["Alle varer", "Snus og tobakk", "Snus"], "title": "General G4 No1 Blue All White", "price": 105.9, "product_variant": "19,2 g", "quantity_info": [[19.2, "g"]], "image_url": "https://kolonial.no/static/products/img/placeholder.bffcea8d3530.png", "unit_price_raw": "kr 5515,63 per kg", "product_url": "https://kolonial.no/produkter/26024-general-g4-no1-blue-all-white/", "kolonial_id": "26024"},
  {"category": "Syltet\u00f8y", "category_list": ["Alle varer", "P\u00e5legg", "Syltet\u00f8y"], "title": "Bringeb\u00e6rsyltet\u00f8y", "price": 35.8, "product_variant": "Squeezy, 425 g", "quantity_info": [[425.0, "g"]], "image_url": "/media/uploads/public/1/29/965229-56433-product_list.jpg", "unit_price_raw": "kr 84,24 per kg", "product_url": "https://kolonial.no/produkter/1178-nora-bringebaersyltetoy-squeezy-435g/", "kolonial_id": "1178"},
  {"category": "Syltet\u00f8y", "category_list": ["Alle varer", "P\u00e5legg", "Syltet\u00f8y"], "title": "Jordb\u00e6r Klem", "price": 26.5, "product_variant": "420 g", "quantity_info": [[420.0, "g"]], "image_url": "/media/uploads/public/148/87/974087-feac3-product_list.jpg", "unit_price_raw": "kr 63,10 per kg", "product_url": "https://kolonial.no/produkter/18070-lerum-jordbaer-klem/", "kolonial_id": "18070"},
  {"category": "Fiskep\u00e5legg", "category_list": ["Alle varer", "P\u00e5legg", "Fiskep\u00e5legg"], "title": "Sardiner i Olivenolje", "price": 19.8, "product_variant": "Classic, 106 g", "quantity_info": [[106.0, "g"]], "image_url": "/media/uploads/public/361/56/1012856-d402d-product_list.jpg", "unit_price_raw": "kr 186,79 per kg", "product_url": "https://kolonial.no/produkter/28090-sardiner-extra-virgin-olivenolje-classic-106-g/", "kolonial_id": "28090"},
  {"category": "Kj\u00f8tt- og kyllingp\u00e5legg", "category_list": ["Alle varer", "P\u00e5legg", "Kj\u00f8tt- og kyllingp\u00e5legg"], "title": "Jalapenoskinke", "price": 15.0, "product_variant": "100 g", "quantity_info": [[100.0, "g"]], "image_url": "/media/uploads/public/364/294/969494-ca46c-product_list.jpg", "unit_price_raw": "kr 150,00 per kg", "product_url": "https://kolonial.no/produkter/18373-nordfjord-jalapenoskinke/", "kolonial_id": "18373"},
  {"category": "Spekemat og salami", "category_list": ["Alle varer", "P\u00e5legg", "Spekemat og salami"], "title": "Classic Serrano Speket", "price": 96.9, "product_variant": "240 g", "quantity_info": [[240.0, "g"]], "image_url": "/media/uploads/public/386/345/971945-8de79-product_list.jpg", "unit_price_raw": "kr 403,75 per kg", "product_url": "https://kolonial.no/produkter/23234-taga-classic-serrano-speket/", "kolonial_id": "23234"},
  {"category": "Kattemat", "category_list": ["Alle varer", "Dyremat", "Kattemat"], "title": "Kattemat Fj\u00e6rkre", "price": 6.8, "product_variant": "415 g", "quantity_info": [[415.0, "g"]], "image_url": "/media/uploads/public/38/123/971723-e5b8f-product_list.jpg", "unit_price_raw": "kr 16,39 per kg", "product_url": "https://kolonial.no/produkter/5281-bestevenn-kattemat-fjaerkre-415g/", "kolonial_id": "5281"},
  {"category": "Fl\u00f8te og r\u00f8mmeprodukter", "category_list": ["Alle varer", "Melk, meieriprodukter og egg", "Fl\u00f8te og r\u00f8mmeprodukter"], "title": "R\u00f8ros R\u00f8mme", "price": 36.9, "product_variant": "\u00d8kologisk, 250 g", "quantity_info": [[250.0, "g"]], "image_url": "/media/uploads/public/73/12/973212-449f8-product_list.jpg", "unit_price_raw": "kr 147,60 per kg", "product_url": "https://kolonial.no/produkter/24241-rorosmeieriet-roros-romme-okologisk/", "kolonial_id": "24241"},
  {"category": "Yoghurt", "category_list": ["Alle varer", "Melk, meieriprodukter og egg", "Yoghurt"], "title": "Yoghurt Nyt", "price": 28.8, "product_variant": "P\u00e6re og Eple, 4x125g, 500 g", "quantity_info": [[4.0, "x"], [125.0, "g"], [500.0, "g"]], "image_url": "/media/uploads/public/0/166/19366-66b36-product_list.jpg", "unit_price_raw": "kr 57,60 per kg", "product_url": "https://kolonial.no/produkter/12007-tine-yoghurt-nyt-paere-og-eple-4x125g/", "kolonial_id": "12007"},
  {"category": "Yoghurt", "category_list": ["Alle varer", "Melk, meieriprodukter og egg", "Yoghurt"], "title": "Yoghurt Bl\u00e5b\u00e6r & Bringeb\u00e6r", "price": 20.3, "product_variant": "4x125g, 500 g", "quantity_info": [[4.0, "x"], [125.0, "g"], [500.0, "g"]], "image_url": "/media/uploads/public/0/387/6787-c0477-product_list.jpg", "unit_price_raw": "kr 40,60 per kg", "product_url": "https://kolonial.no/produkter/8152-tine-yoghurt-blabaer-bringebaer-4x125g/", "kolonial_id": "8152"},
  {"category": "Te", "category_list": ["Alle varer", "Drikkevarer", "Te"], "title": "Pukka Night Time Tea", "price": 60.9, "product_variant": "20 stk", "quantity_info": [[20.0, "stk"]], "image_url": "/media/uploads/public/0/52/11252-1334e-product_list.jpg", "unit_price_raw": "kr 3,05 per stk", "product_url": "https://kolonial.no/produkter/2173-pukka-pukka-night-time-tea/", "kolonial_id": "2173"},
  {"category": "Kaffe", "category_list": ["Alle varer", "Drikkevarer", "Kaffe"], "title": "Kaffekapsel Lungo Colombia", "price": 39.1, "product_variant": "10 stk", "quantity_info": [[10.0, "stk"]], "image_url": "/media/uploads/public/84/306/164706-9e394-product_list.jpg", "unit_price_raw": "kr 3,91 per stk", "product_url": "https://kolonial.no/produkter/24935-kjeldsberg-kaffebrenneri-kaffekapsel-lungo-colombi/", "kolonial_id": "24935"},
  {"category": "Kaffe", "category_list": ["Alle varer", "Drikkevarer", "Kaffe"], "title": "L'Or Kaffekapsler Lungo Elegante", "price": 39.4, "product_variant": "Intensity 6, 10 stk", "quantity_info": [[6.1, "stk"]], "image_url": "/media/uploads/public/12/201/972601-e3024-product_list.jpg", "unit_price_raw": "kr 3,94 per stk", "product_url": "https://kolonial.no/produkter/26489-lor-l-or-kaffekapsler-lungo-elegante-intensity-6/", "kolonial_id": "26489"},
  {"category": "Juice", "category_list": ["Alle varer", "Drikkevarer", "Juice"], "title": "Sunniva Original Appelsinjuice", "price": 19.3, "product_variant": "0,4 l", "quantity_info": [[0.4, "l"]], "image_url": "/media/uploads/public/2/388/970788-3db59-product_list.jpg", "unit_price_raw": "kr 48,25 per l", "product_url": "https://kolonial.no/produkter/12088-sunniva-orig-appelsin-fl-400ml/", "kolonial_id": "12088"},
  {"category": "Spesialoster", "category_list": ["Alle varer", "Oster", "Spesialoster"], "title": "Gresk Feta PDO", "price": 50.9, "product_variant": "200 g", "quantity_info": [[200.0, "g"]], "image_url": "/media/uploads/public/368/284/969884-447f8-product_list.jpg", "unit_price_raw": "kr 254,50 per kg", "product_url": "https://kolonial.no/produkter/18526-gresk-feta-pdo/", "kolonial_id": "18526"},
  {"category": "Brus", "category_list": ["Alle varer", "Drikkevarer", "Brus"], "title": "Urge Boks", "price": 46.6, "product_variant": "4 x 0,33l, 1,32 l", "quantity_info": [[4.0, "x"], [0.33, "l"], [1.32, "l"]], "image_url": "/media/uploads/public/3/72/369672-c0aef-product_list.jpg", "unit_price_raw": "kr 35,30 per l", "product_url": "https://kolonial.no/produkter/25845-coca-cola-urge-boks-4-x-033l/", "kolonial_id": "25845"},
  {"category": "Hjemmelaget pizza", "category_list": ["Alle varer", "Pizza og taco", "Hjemmelaget pizza"], "title": "Pizzasaus Original", "price": 15.1, "product_variant": "180 g", "quantity_info": [[180.0, "g"]], "image_url": "/media/uploads/public/219/155/969755-ad75c-product_list.jpg", "unit_price_raw": "kr 83,89 per kg", "product_url": "https://kolonial.no/produkter/99-pizzasaus-original-180g-peppes/", "kolonial_id": "99"},
  {"category": "Hjemmelaget pizza", "category_list": ["Alle varer", "Pizza og taco", "Hjemmelaget pizza"], "title": "Pizzasaus Bianca", "price": 15.0, "product_variant": "180 g", "quantity_info": [[180.0, "g"]], "image_url": "/media/uploads/public/142/290/188290-3eec8-product_list.jpg", "unit_price_raw": "kr 83,33 per kg", "product_url": "https://kolonial.no/produkter/25269-rema-1000-pizzasaus-bianca/", "kolonial_id": "25269"},
  {"category": "Melk", "category_list": ["Alle varer", "Melk, meieriprodukter og egg", "Melk"], "title": "Sjokomelk", "price": 29.1, "product_variant": "1 l", "quantity_info": [[1.0, "l"]], "image_url": "/media/uploads/public/0/69/69-9dbe6-product_list.jpg", "unit_price_raw": "kr 29,10 per l", "product_url": "https://kolonial.no/produkter/137-tine-sjokomelk/", "kolonial_id": "137"},
  {"category": "Krydder", "category_list": ["Alle varer", "Olje og krydder", "Krydder"], "title": "Kanel", "price": 6.9, "product_variant": "Malt, 17 g", "quantity_info": [[17.0, "g"]], "image_url": "/media/uploads/public/21/42/965642-d578b-product_list.jpg", "unit_price_raw": "kr 405,88 per kg", "product_url": "https://kolonial.no/produkter/6190-toro-kanel-malt-17g/", "kolonial_id": "6190"},
  {"category": "Bind og tamponger", "category_list": ["Alle varer", "Hygieneartikler", "Bind og tamponger"], "title": "Tampong Normal", "price": 23.8, "product_variant": "16 stk", "quantity_info": [[16.0, "stk"]], "image_url": "/media/uploads/public/149/129/201729-c92c9-product_list.jpg", "unit_price_raw": "kr 1,49 per stk", "product_url": "https://kolonial.no/produkter/25396-libresse-tampong-normal/", "kolonial_id": "25396"},
  {"category": "Shampo og h\u00e5rprodukter", "category_list": ["Alle varer", "Shampo, s\u00e5pe og krem", "Shampo og h\u00e5rprodukter"], "title": "Shampo Rich Infusion", "price": 82.6, "product_variant": "400 ml", "quantity_info": [[400.0, "ml"]], "image_url": "/media/uploads/public/296/321/164721-357b0-product_list.jpg", "unit_price_raw": "kr 206,50 per l", "product_url": "https://kolonial.no/produkter/25008-botanicals-shampo-rich-infusion/", "kolonial_id": "25008"},
  {"category": "Shampo og h\u00e5rprodukter", "category_list": ["Alle varer", "Shampo, s\u00e5pe og krem", "Shampo og h\u00e5rprodukter"], "title": "Balsam Rich Infusion", "price": 82.6, "product_variant": "200 ml", "quantity_info": [[200.0, "ml"]], "image_url": "/media/uploads/public/230/326/164726-90831-product_list.jpg", "unit_price_raw": "kr 413,00 per l", "product_url": "https://kolonial.no/produkter/25004-botanicals-balsam-rich-infusion/", "kolonial_id": "25004"},
  {"category": "Gulost", "category_list": ["Alle varer", "Oster", "Gulost"], "title": "Gulost Skivet", "price": 50.5, "product_variant": "2 x 200g, 400 g", "quantity_info": [[2.0, "x"], [200.0, "g"], [400.0, "g"]], "image_url": "/media/uploads/public/100/134/511734-64529-product_list.jpg", "unit_price_raw": "kr 126,25 per kg", "product_url": "https://kolonial.no/produkter/26289-prima-gulost-skivet-2-x-200g/", "kolonial_id": "26289"},
  {"category": "Gulost", "category_list": ["Alle varer", "Oster", "Gulost"], "title": "\u00d8stavind Skiver", "price": 39.2, "product_variant": "150 g", "quantity_info": [[150.0, "g"]], "image_url": "/media/uploads/public/3/188/374588-6486f-product_list.jpg", "unit_price_raw": "kr 261,33 per kg", "product_url": "https://kolonial.no/produkter/26087-tine-ostavind-skiver/", "kolonial_id": "26087"},
  {"category": "Fryst pizza", "category_list": ["Alle varer", "Pizza og taco", "Fryst pizza"], "title": "Rustica Tex Mex", "price": 80.9, "product_variant": "640 g", "quantity_info": [[640.0, "g"]], "image_url": "/media/uploads/public/30/370/972770-2750d-product_list.jpg", "unit_price_raw": "kr 126,41 per kg", "product_url": "https://kolonial.no/produkter/26659-rustica-tex-mex/", "kolonial_id": "26659"},
  {"category": "Tannpleie", "category_list": ["Alle varer", "Hygieneartikler", "Tannpleie"], "title": "Tanntr\u00e5d Easyslide", "price": 45.8, "product_variant": "1 stk", "quantity_info": [[1.0, "stk"]], "image_url": "/media/uploads/public/43/50/964850-44116-product_list.jpg", "unit_price_raw": "kr 45,80 per stk", "product_url": "https://kolonial.no/produkter/409-jordan-tanntrad-easyslide/", "kolonial_id": "409"},
  {"category": "Vaskemidler", "category_list": ["Alle varer", "T\u00f8rkepapir og vaskemidler", "Vaskemidler"], "title": "Fresh Discs Lavendel WC Rengj\u00f8ring", "price": 38.8, "product_variant": "6 stk", "quantity_info": [[6.0, "stk"]], "image_url": "/media/uploads/public/142/324/1007924-5b0eb-product_list.jpg", "unit_price_raw": "kr 6,47 per stk", "product_url": "https://kolonial.no/produkter/19561-wc-duck-fresh-discs-lavendel-wc-rengjoring/", "kolonial_id": "19561"},
  {"category": "Baketilbeh\u00f8r", "category_list": ["Alle varer", "Mel og bakeingredienser", "Baketilbeh\u00f8r"], "title": "Freia Mandelskiver", "price": 21.1, "product_variant": "35 g", "quantity_info": [[35.0, "g"]], "image_url": "/media/uploads/public/75/287/964687-b5695-product_list.jpg", "unit_price_raw": "kr 602,86 per kg", "product_url": "https://kolonial.no/produkter/13561-freia-freia-mandelskiver-35g/", "kolonial_id": "13561"},
  {"category": "Klesvask", "category_list": ["Alle varer", "T\u00f8rkepapir og vaskemidler", "Klesvask"], "title": "Milo T\u00f8ymykner", "price": 39.2, "product_variant": "750 ml", "quantity_info": [[750.0, "ml"]], "image_url": "/media/uploads/public/322/1/964801-8e372-product_list.jpg", "unit_price_raw": "kr 52,27 per l", "product_url": "https://kolonial.no/produkter/11401-milo-milo-toymykner-750ml/", "kolonial_id": "11401"},
  {"category": "Oljer og dressinger", "category_list": ["Alle varer", "Olje og krydder", "Oljer og dressinger"], "title": "C\u00e6sar Dressing", "price": 51.9, "product_variant": "350 ml", "quantity_info": [[350.0, "ml"]], "image_url": "/media/uploads/public/0/82/98482-b38af-product_list.jpg", "unit_price_raw": "kr 148,29 per l", "product_url": "https://kolonial.no/produkter/22237-cardinis-caesar-dressing/", "kolonial_id": "22237"},
  {"category": "Supper", "category_list": ["Alle varer", "Middager og tilbeh\u00f8r", "Supper"], "title": "Indisk Chunky Suppe", "price": 43.9, "product_variant": "475 g", "quantity_info": [[475.0, "g"]], "image_url": "/media/uploads/public/223/23/984423-92b12-product_list.jpg", "unit_price_raw": "kr 92,42 per kg", "product_url": "https://kolonial.no/produkter/27966-toro-indisk-chunky-suppe/", "kolonial_id": "27966"},
  {"category": "Langtidsholdbare br\u00f8d", "category_list": ["Alle varer", "Br\u00f8d og frokostblandinger", "Langtidsholdbare br\u00f8d"], "title": "Ciabatta", "price": 28.4, "product_variant": "Glutenfri, 200 g", "quantity_info": [[200.0, "g"]], "image_url": "/media/uploads/public/14/162/967362-f0308-product_list.jpg", "unit_price_raw": "kr 142,00 per kg", "product_url": "https://kolonial.no/produkter/8966-schar-ciabatta-glutenfri/", "kolonial_id": "8966"},
  {"category": "Pasta og nudler", "category_list": ["Alle varer", "Middager og tilbeh\u00f8r", "Pasta og nudler"], "title": "Fusilli Fullkorn", "price": 25.0, "product_variant": "500 g", "quantity_info": [[500.0, "g"]], "image_url": "/media/uploads/public/304/74/965674-2c904-product_list.jpg", "unit_price_raw": "kr 50,00 per kg", "product_url": "https://kolonial.no/produkter/5998-sopps-fusilli-fullkorn-500g/", "kolonial_id": "5998"},
  {"category": "Hermetisert frukt og gr\u00f8nt", "category_list": ["Alle varer", "Frukt og gr\u00f8nt", "Hermetisert frukt og gr\u00f8nt"], "title": "Bambusskudd", "price": 13.9, "product_variant": "227 g", "quantity_info": [[227.0, "g"]], "image_url": "/media/uploads/public/389/211/966211-f8f42-product_list.jpg", "unit_price_raw": "kr 61,23 per kg", "product_url": "https://kolonial.no/produkter/8804-rema-1000-bambusskudd-227g/", "kolonial_id": "8804"},
  {"category": "Ferdige middagsretter", "category_list": ["Alle varer", "Middager og tilbeh\u00f8r", "Ferdige middagsretter"], "title": "Komler / Raspeballer / Komper", "price": 74.5, "product_variant": "600 g", "quantity_info": [[600.0, "g"]], "image_url": "/media/uploads/public/307/121/138921-5078a-product_list.jpg", "unit_price_raw": "kr 124,17 per kg", "product_url": "https://kolonial.no/produkter/15151-fjordland-komler-raspeballer-komper-600g/", "kolonial_id": "15151"},
  {"category": "Ferdige middagsretter", "category_list": ["Alle varer", "Middager og tilbeh\u00f8r", "Ferdige middagsretter"], "title": "Lapskaus", "price": 26.8, "product_variant": "500 g", "quantity_info": [[500.0, "g"]], "image_url": "/media/uploads/public/313/54/373254-6a5ac-product_list.jpg", "unit_price_raw": "kr 53,60 per kg", "product_url": "https://kolonial.no/produkter/25988-rema-1000-lapskaus/", "kolonial_id": "25988"},
  {"category": "Ferdigsauser", "category_list": ["Alle varer", "Middager og tilbeh\u00f8r", "Ferdigsauser"], "title": "Ketjap Manis", "price": 26.8, "product_variant": "0,13 l", "quantity_info": [[0.13, "l"]], "image_url": "/media/uploads/public/69/276/967876-81bff-product_list.jpg", "unit_price_raw": "kr 206,15 per l", "product_url": "https://kolonial.no/produkter/14227-santa-maria-ketjap-manis-125ml/", "kolonial_id": "14227"},
  {"category": "Gr\u00f8nnsaker", "category_list": ["Alle varer", "Frukt og gr\u00f8nt", "Gr\u00f8nnsaker"], "title": "Aspargesb\u00f8nner", "price": 28.5, "product_variant": "Kenya, 150 g", "quantity_info": [[150.0, "g"]], "image_url": "/media/uploads/public/0/263/3463-64ce6-product_list.jpg", "unit_price_raw": "kr 190,00 per kg", "product_url": "https://kolonial.no/produkter/9476-aspargesbonner-kenya/", "kolonial_id": "9476"},
  {"category": "Middagstilbeh\u00f8r", "category_list": ["Alle varer", "Middager og tilbeh\u00f8r", "Middagstilbeh\u00f8r"], "title": "Hvitl\u00f8k Ferskpresset", "price": 19.9, "product_variant": "100 g", "quantity_info": [[100.0, "g"]], "image_url": "/media/uploads/public/258/30/978430-32b79-product_list.jpg", "unit_price_raw": "kr 199,00 per kg", "product_url": "https://kolonial.no/produkter/27792-hvitlok-ferskpresset/", "kolonial_id": "27792"},
  {"category": "Smoothie, yoghurt og mellomm\u00e5ltid", "category_list": ["Alle varer", "Barneprodukter", "Smoothie, yoghurt og mellomm\u00e5ltid"], "title": "Kjeks med Fullkorn & Eple", "price": 29.8, "product_variant": "Fra 12 mnd, 150 g", "quantity_info": [[12.0, "mnd"], [150.0, "g"]], "image_url": "/media/uploads/public/226/358/142358-83fd5-product_list.jpg", "unit_price_raw": "kr 198,67 per kg", "product_url": "https://kolonial.no/produkter/23966-hipp-kjeks-med-fullkorn-eple-fra-12-mnd/", "kolonial_id": "23966"},
  {"category": "Middagsglass", "category_list": ["Alle varer", "Barneprodukter", "Middagsglass"], "title": "Gr\u00f8nnsaksrisotto & Kalkun", "price": 21.5, "product_variant": "Fra 12 mnd, 220 g", "quantity_info": [[12.0, "mnd"], [220.0, "g"]], "image_url": "/media/uploads/public/73/354/142354-2b9d0-product_list.jpg", "unit_price_raw": "kr 97,73 per kg", "product_url": "https://kolonial.no/produkter/23978-hipp-gronnsaksrisotto-kalkun-fra-12-mnd/", "kolonial_id": "23978"},
  {"category": "Snus", "category_list": ["Alle varer", "Snus og tobakk", "Snus"], "title": "Skruf Superslim Fresh #2", "price": 92.9, "product_variant": "White Snus, 0,02 kg", "quantity_info": [[0.02, "kg"]], "image_url": "https://kolonial.no/static/products/img/placeholder.bffcea8d3530.png", "unit_price_raw": "kr 4645,00 per kg", "product_url": "https://kolonial.no/produkter/26027-skruf-skruf-superslim-fresh-2-white-snus/", "kolonial_id": "26027"},
  {"category": "Syltet\u00f8y", "category_list": ["Alle varer", "P\u00e5legg", "Syltet\u00f8y"], "title": "Klem Bl\u00e5b\u00e6r", "price": 37.9, "product_variant": "420 g", "quantity_info": [[420.0, "g"]], "image_url": "/media/uploads/public/364/36/513236-8ddb5-product_list.jpg", "unit_price_raw": "kr 90,24 per kg", "product_url": "https://kolonial.no/produkter/26312-lerum-klem-blabaer/", "kolonial_id": "26312"},
  {"category": "Fiskep\u00e5legg", "category_list": ["Alle varer", "P\u00e5legg", "Fiskep\u00e5legg"], "title": "Sardiner i Tomatsaus", "price": 19.8, "product_variant": "Classic, 106 g", "quantity_info": [[106.0, "g"]], "image_url": "/media/uploads/public/41/55/1012855-30cf2-product_list.jpg", "unit_price_raw": "kr 186,79 per kg", "product_url": "https://kolonial.no/produkter/28089-sardiner-i-saus-laget-av-solmodne-tomater-classic-/", "kolonial_id": "28089"},
  {"category": "Fiskep\u00e5legg", "category_list": ["Alle varer", "P\u00e5legg", "Fiskep\u00e5legg"], "title": "Skinnfri Makrell Stevia", "price": 21.5, "product_variant": "110 g", "quantity_info": [[110.0, "g"]], "image_url": "/media/uploads/public/197/363/970363-48985-product_list.jpg", "unit_price_raw": "kr 195,45 per kg", "product_url": "https://kolonial.no/produkter/21403-king-oscar-skinnfri-makrell-stevia/", "kolonial_id": "21403"},
  {"category": "Kj\u00f8tt- og kyllingp\u00e5legg", "category_list": ["Alle varer", "P\u00e5legg", "Kj\u00f8tt- og kyllingp\u00e5legg"], "title": "Paprikaskinke", "price": 15.0, "product_variant": "100 g", "quantity_info": [[100.0, "g"]], "image_url": "/media/uploads/public/272/288/969488-4d01e-product_list.jpg", "unit_price_raw": "kr 150,00 per kg", "product_url": "https://kolonial.no/produkter/18376-nordfjord-paprikaskinke/", "kolonial_id": "18376"},
  {"category": "Spekemat og salami", "category_list": ["Alle varer", "P\u00e5legg", "Spekemat og salami"], "title": "Spekeskinke Brett", "price": 133.5, "product_variant": "300 g", "quantity_info": [[300.0, "g"]], "image_url": "/media/uploads/public/333/57/990057-df2d8-product_list.jpg", "unit_price_raw": "kr 445,00 per kg", "product_url": "https://kolonial.no/produkter/21898-stranda-spekeskinke-brett/", "kolonial_id": "21898"},
  {"category": "Kattemat", "category_list": ["Alle varer", "Dyremat", "Kattemat"], "title": "Kattemat Fj\u00e6rkre", "price": 4.0, "product_variant": "100 g", "quantity_info": [[100.0, "g"]], "image_url": "/media/uploads/public/12/109/971709-f37ae-product_list.jpg", "unit_price_raw": "kr 40,00 per kg", "product_url": "https://kolonial.no/produkter/9767-rema-1000-kattemat-fjaerkre-100g/", "kolonial_id": "9767"},
  {"category": "Fl\u00f8te og r\u00f8mmeprodukter", "category_list": ["Alle varer", "Melk, meieriprodukter og egg", "Fl\u00f8te og r\u00f8mmeprodukter"], "title": "Q Cr\u00e8me Fra\u00eeche", "price": 22.4, "product_variant": "300 g", "quantity_info": [[300.0, "g"]], "image_url": "/media/uploads/public/346/39/188439-498fd-product_list.jpg", "unit_price_raw": "kr 74,67 per kg", "product_url": "https://kolonial.no/produkter/25383-q-meieriene-q-creme-fraiche/", "kolonial_id": "25383"},
  {"category": "Yoghurt", "category_list": ["Alle varer", "Melk, meieriprodukter og egg", "Yoghurt"], "title": "Yoghurt Sviske", "price": 20.6, "product_variant": "4x150g, 600 g", "quantity_info": [[4.0, "x"], [150.0, "g"], [600.0, "g"]], "image_url": "/media/uploads/public/0/202/19402-c3297-product_list.jpg", "unit_price_raw": "kr 34,33 per kg", "product_url": "https://kolonial.no/produkter/12031-tine-yoghurt-sviske-4x150g/", "kolonial_id": "12031"},
  {"category": "Te", "category_list": ["Alle varer", "Drikkevarer", "Te"], "title": "Pukka Love Rose Tea", "price": 62.7, "product_variant": "Chamomile & Lavender Tea, 20 stk", "quantity_info": [[20.0, "stk"]], "image_url": "/media/uploads/public/0/58/11258-b7f94-product_list.jpg", "unit_price_raw": "kr 3,14 per stk", "product_url": "https://kolonial.no/produkter/2170-pukka-love-rose/", "kolonial_id": "2170"},
  {"category": "Kaffe", "category_list": ["Alle varer", "Drikkevarer", "Kaffe"], "title": "Friele Frokost Senseo", "price": 69.4, "product_variant": "20 stk", "quantity_info": [[20.0, "stk"]], "image_url": "/media/uploads/public/152/209/979409-19435-product_list.jpg", "unit_price_raw": "kr 3,47 per stk", "product_url": "https://kolonial.no/produkter/6223-friele-friele-frokost-senseo/", "kolonial_id": "6223"},
  {"category": "Juice", "category_list": ["Alle varer", "Drikkevarer", "Juice"], "title": "R\u00f8dbetejuice", "price": 60.0, "product_variant": "0,75 l", "quantity_info": [[0.75, "l"]], "image_url": "/media/uploads/public/0/19/13619-cac6f-product_list.jpg", "unit_price_raw": "kr 80,00 per l", "product_url": "https://kolonial.no/produkter/9977-helios-rodbetejuice-075l/", "kolonial_id": "9977"},
  {"category": "Juice", "category_list": ["Alle varer", "Drikkevarer", "Juice"], "title": "Gr\u00f8nnsaksjuice M+", "price": 56.3, "product_variant": "\u00d8kologisk, 0,75 l", "quantity_info": [[0.75, "l"]], "image_url": "/media/uploads/public/0/138/83338-72873-product_list.jpg", "unit_price_raw": "kr 75,07 per l", "product_url": "https://kolonial.no/produkter/20383-helios-gronnsaksjuice-m-okologisk/", "kolonial_id": "20383"},
  {"category": "Spesialoster", "category_list": ["Alle varer", "Oster", "Spesialoster"], "title": "Le Roul\u00e9 Traneb\u00e6r", "price": 76.1, "product_variant": "125 g", "quantity_info": [[125.0, "g"]], "image_url": "/media/uploads/public/0/161/64561-ea00d-product_list.jpg", "unit_price_raw": "kr 608,80 per kg", "product_url": "https://kolonial.no/produkter/18622-le-roule-tranebaer/", "kolonial_id": "18622"},
  {"category": "Brus", "category_list": ["Alle varer", "Drikkevarer", "Brus"], "title": "Ringnes V\u00f8rter\u00f8l", "price": 19.3, "product_variant": "0,33 l", "quantity_info": [[0.33, "l"]], "image_url": "/media/uploads/public/0/354/82354-3e881-product_list.jpg", "unit_price_raw": "kr 58,48 per l", "product_url": "https://kolonial.no/produkter/20005-ringnes-ringnes-vorterol/", "kolonial_id": "20005"},
  {"category": "Taco", "category_list": ["Alle varer", "Pizza og taco", "Taco"], "title": "Mangosalsa", "price": 10.0, "product_variant": "Taste Lab, 140 g", "quantity_info": [[140.0, "g"]], "image_url": "/media/uploads/public/319/301/1007901-e0f51-product_list.jpg", "unit_price_raw": "kr 71,43 per kg", "product_url": "https://kolonial.no/produkter/24025-rema-1000-mango-salsa-taste-lab/", "kolonial_id": "24025"},
  {"category": "Taco", "category_list": ["Alle varer", "Pizza og taco", "Taco"], "title": "Salsa Frisk Mango & Lime", "price": 42.1, "product_variant": "\u00d8kologisk, 240 g", "quantity_info": [[240.0, "g"]], "image_url": "/media/uploads/public/306/306/275906-ddee2-product_list.jpg", "unit_price_raw": "kr 175,42 per kg", "product_url": "https://kolonial.no/produkter/25568-superbra-salsa-frisk-mango-lime-okologisk/", "kolonial_id": "25568"},
  {"category": "Hjemmelaget pizza", "category_list": ["Alle varer", "Pizza og taco", "Hjemmelaget pizza"], "title": "Pizzasaus", "price": 10.0, "product_variant": "Taste Lab, 200 g", "quantity_info": [[200.0, "g"]], "image_url": "/media/uploads/public/277/378/970378-39333-product_list.jpg", "unit_price_raw": "kr 50,00 per kg", "product_url": "https://kolonial.no/produkter/24095-rema-1000-pizzasaus-taste-lab/", "kolonial_id": "24095"},
  {"category": "Melk", "category_list": ["Alle varer", "Melk, meieriprodukter og egg", "Melk"], "title": "Sjokomelk", "price": 14.3, "product_variant": "0,25 l", "quantity_info": [[0.25, "l"]], "image_url": "/media/uploads/public/0/68/68-d956d-product_list.jpg", "unit_price_raw": "kr 57,20 per l", "product_url": "https://kolonial.no/produkter/816-tine-sjokomelk/", "kolonial_id": "816"},
  {"category": "Krydder", "category_list": ["Alle varer", "Olje og krydder", "Krydder"], "title": "Kardemomme", "price": 9.1, "product_variant": "Malt, 13 g", "quantity_info": [[13.0, "g"]], "image_url": "/media/uploads/public/269/253/969053-43f7a-product_list.jpg", "unit_price_raw": "kr 700,00 per kg", "product_url": "https://kolonial.no/produkter/17293-toro-kardemomme-malt/", "kolonial_id": "17293"},
  {"category": "Bind og tamponger", "category_list": ["Alle varer", "Hygieneartikler", "Bind og tamponger"], "title": "Tena Discreet Mini", "price": 42.3, "product_variant": "20 stk", "quantity_info": [[20.0, "stk"]], "image_url": "/media/uploads/public/249/67/381667-20a3d-product_list.jpg", "unit_price_raw": "kr 2,12 per stk", "product_url": "https://kolonial.no/produkter/25874-tena-tena-discreet-mini/", "kolonial_id": "25874"},
  {"category": "Bind og tamponger", "category_list": ["Alle varer", "Hygieneartikler", "Bind og tamponger"], "title": "Always Bind Secure Night", "price": 42.9, "product_variant": "18 stk", "quantity_info": [[18.0, "stk"]], "image_url": "/media/uploads/public/271/207/979407-b613a-product_list.jpg", "unit_price_raw": "kr 2,38 per stk", "product_url": "https://kolonial.no/produkter/27907-always-always-bind-secure-night/", "kolonial_id": "27907"},
  {"category": "Shampo og h\u00e5rprodukter", "category_list": ["Alle varer", "Shampo, s\u00e5pe og krem", "Shampo og h\u00e5rprodukter"], "title": "Rich Infusion Mask", "price": 132.7, "product_variant": "200 ml", "quantity_info": [[200.0, "ml"]], "image_url": "/media/uploads/public/84/328/164728-e50f2-product_list.jpg", "unit_price_raw": "kr 663,50 per l", "product_url": "https://kolonial.no/produkter/25085-botanicals-rich-infusion-mask/", "kolonial_id": "25085"},
  {"category": "Gulost", "category_list": ["Alle varer", "Oster", "Gulost"], "title": "Skivet Emmentaler Ost", "price": 29.9, "product_variant": "175 g", "quantity_info": [[175.0, "g"]], "image_url": "/media/uploads/public/166/53/973653-6337c-product_list.jpg", "unit_price_raw": "kr 170,86 per kg", "product_url": "https://kolonial.no/produkter/27585-vergeer-skivet-emmentaler-ost/", "kolonial_id": "27585"},
  {"category": "Fryst pizza", "category_list": ["Alle varer", "Pizza og taco", "Fryst pizza"], "title": "Giants Cheddar & Beef", "price": 102.9, "product_variant": "810 g", "quantity_info": [[810.0, "g"]], "image_url": "/media/uploads/public/167/282/690682-fa9ea-product_list.jpg", "unit_price_raw": "kr 127,04 per kg", "product_url": "https://kolonial.no/produkter/27310-big-one-giants-cheddar-beef/", "kolonial_id": "27310"},
  {"category": "Tannpleie", "category_list": ["Alle varer", "Hygieneartikler", "Tannpleie"], "title": "Tanntr\u00e5d Expand Fresh", "price": 45.8, "product_variant": "25 m", "quantity_info": [[25.0, "m"]], "image_url": "/media/uploads/public/196/133/968533-a7416-product_list.jpg", "unit_price_raw": "kr 1,83 per m", "product_url": "https://kolonial.no/produkter/15840-jordan-tanntrad-expand-fresh/", "kolonial_id": "15840"},
  {"category": "Tannpleie", "category_list": ["Alle varer", "Hygieneartikler", "Tannpleie"], "title": "Tannstikkere Bordpakning", "price": 37.9, "product_variant": "125 stk", "quantity_info": [[125.0, "stk"]], "image_url": "/media/uploads/public/266/102/964902-57969-product_list.jpg", "unit_price_raw": "kr 0,30 per stk", "product_url": "https://kolonial.no/produkter/11392-jordan-tannstikkere-bordpakning-125-stk/", "kolonial_id": "11392"},
  {"category": "Vaskemidler", "category_list": ["Alle varer", "T\u00f8rkepapir og vaskemidler", "Vaskemidler"], "title": "Fresh Rose Toalettblokk", "price": 22.7, "product_variant": "1 stk", "quantity_info": [[1.0, "stk"]], "image_url": "/media/uploads/public/117/272/1007872-28836-product_list.jpg", "unit_price_raw": "kr 22,70 per stk", "product_url": "https://kolonial.no/produkter/15702-wc-duck-fresh-rose-toalettblokk/", "kolonial_id": "15702"},
  {"category": "Baketilbeh\u00f8r", "category_list": ["Alle varer", "Mel og bakeingredienser", "Baketilbeh\u00f8r"], "title": "Bokstaver & Tall i Sjokolade", "price": 37.0, "product_variant": "60 g", "quantity_info": [[60.0, "g"]], "image_url": "/media/uploads/public/15/13/134813-2a98e-product_list.jpg", "unit_price_raw": "kr 616,67 per kg", "product_url": "https://kolonial.no/produkter/23784-dr-oetker-bokstaver-tall-i-sjokolade/", "kolonial_id": "23784"},
  {"category": "Klesvask", "category_list": ["Alle varer", "T\u00f8rkepapir og vaskemidler", "Klesvask"], "title": "Blenda T\u00f8ymykner", "price": 44.9, "product_variant": "Sensitive, 750 ml", "quantity_info": [[750.0, "ml"]], "image_url": "/media/uploads/public/29/38/964838-8ddd1-product_list.jpg", "unit_price_raw": "kr 59,87 per l", "product_url": "https://kolonial.no/produkter/1141-blenda-blenda-toymykner-sensitive/", "kolonial_id": "1141"},
  {"category": "Oljer og dressinger", "category_list": ["Alle varer", "Olje og krydder", "Oljer og dressinger"], "title": "Honey Mustard Dressing", "price": 54.6, "product_variant": "350 ml", "quantity_info": [[350.0, "ml"]], "image_url": "/media/uploads/public/0/79/98479-bdb48-product_list.jpg", "unit_price_raw": "kr 156,00 per l", "product_url": "https://kolonial.no/produkter/22243-cardinis-honey-mustard-dressing/", "kolonial_id": "22243"},
  {"category": "Ferdigmikser", "category_list": ["Alle varer", "Mel og bakeingredienser", "Ferdigmikser"], "title": "Vaffelr\u00f8re p\u00e5 Kanne", "price": 200.0, "product_variant": "2,5 l", "quantity_info": [[2.5, "l"]], "image_url": "/media/uploads/public/383/24/715624-8c385-product_list.jpg", "unit_price_raw": "kr 80,00 per l", "product_url": "https://kolonial.no/produkter/26036-prior-vaffelrore-pa-kanne/", "kolonial_id": "26036"},
  {"category": "Frokostblandinger og gryn", "category_list": ["Alle varer", "Br\u00f8d og frokostblandinger", "Frokostblandinger og gryn"], "title": "Havregr\u00f8t \"to-go\" med Hasseln\u00f8tt & Kakaonibs", "price": 26.7, "product_variant": "50 g", "quantity_info": [[50.0, "g"]], "image_url": "/media/uploads/public/54/220/332220-c184b-product_list.jpg", "unit_price_raw": "kr 534,00 per kg", "product_url": "https://kolonial.no/produkter/25693-rude-health-havregrot-go-med-hasselnott-kakaonibs/", "kolonial_id": "25693"},
  {"category": "Supper", "category_list": ["Alle varer", "Middager og tilbeh\u00f8r", "Supper"], "title": "Blomk\u00e5l & Brokkolisuppe", "price": 27.9, "product_variant": "Cup a Soup, 3 stk", "quantity_info": [[3.0, "stk"]], "image_url": "/media/uploads/public/67/390/815590-99b92-product_list.jpg", "unit_price_raw": "kr 9,30 per stk", "product_url": "https://kolonial.no/produkter/27811-knorr-blomkal-brokkolisuppe-cup-soup/", "kolonial_id": "27811"},
  {"category": "Knekkebr\u00f8d", "category_list": ["Alle varer", "Br\u00f8d og frokostblandinger", "Knekkebr\u00f8d"], "title": "Friggs Maiskaker Chia & Havsalt", "price": 26.0, "product_variant": "130 g", "quantity_info": [[130.0, "g"]], "image_url": "/media/uploads/public/171/168/971368-440b4-product_list.jpg", "unit_price_raw": "kr 200,00 per kg", "product_url": "https://kolonial.no/produkter/23422-friggs-maiskaker-chia-havsalt/", "kolonial_id": "23422"},
  {"category": "Langtidsholdbare br\u00f8d", "category_list": ["Alle varer", "Br\u00f8d og frokostblandinger", "Langtidsholdbare br\u00f8d"], "title": "Panini", "price": 39.8, "product_variant": "Glutenfri, 225 g", "quantity_info": [[225.0, "g"]], "image_url": "/media/uploads/public/239/167/372967-f9466-product_list.jpg", "unit_price_raw": "kr 176,89 per kg", "product_url": "https://kolonial.no/produkter/19309-schar-panini-glutenfri/", "kolonial_id": "19309"},
  {"category": "Pasta og nudler", "category_list": ["Alle varer", "Middager og tilbeh\u00f8r", "Pasta og nudler"], "title": "Nudler med kj\u00f8ttsmak", "price": 12.7, "product_variant": "85 g", "quantity_info": [[85.0, "g"]], "image_url": "/media/uploads/public/0/392/109192-a3363-product_list.jpg", "unit_price_raw": "kr 149,41 per kg", "product_url": "https://kolonial.no/produkter/1096-mr-lee-nudler-med-kjottsmak-85g/", "kolonial_id": "1096"},
  {"category": "Pasta og nudler", "category_list": ["Alle varer", "Middager og tilbeh\u00f8r", "Pasta og nudler"], "title": "Kopp-Nudler Med kyllingsmak", "price": 25.1, "product_variant": "65 g", "quantity_info": [[65.0, "g"]], "image_url": "/media/uploads/public/306/194/972594-79603-product_list.jpg", "unit_price_raw": "kr 386,15 per kg", "product_url": "https://kolonial.no/produkter/695-mr-lee-kopp-nudler-med-kyllingsmak/", "kolonial_id": "695"},
  {"category": "Hermetisert frukt og gr\u00f8nt", "category_list": ["Alle varer", "Frukt og gr\u00f8nt", "Hermetisert frukt og gr\u00f8nt"], "title": "Vannkastanjer", "price": 13.6, "product_variant": "227 g", "quantity_info": [[227.0, "g"]], "image_url": "/media/uploads/public/374/215/966215-9d689-product_list.jpg", "unit_price_raw": "kr 59,91 per kg", "product_url": "https://kolonial.no/produkter/8807-rema-1000-vannkastanjer-227g/", "kolonial_id": "8807"},
  {"category": "Ferdige middagsretter", "category_list": ["Alle varer", "Middager og tilbeh\u00f8r", "Ferdige middagsretter"], "title": "Kylling Bolognese", "price": 26.8, "product_variant": "500 g", "quantity_info": [[500.0, "g"]], "image_url": "/media/uploads/public/79/49/373249-7f7ff-product_list.jpg", "unit_price_raw": "kr 53,60 per kg", "product_url": "https://kolonial.no/produkter/25989-rema-1000-kylling-bolognese/", "kolonial_id": "25989"},
  {"category": "P\u00f8lser", "category_list": ["Alle varer", "Kj\u00f8tt og kylling", "P\u00f8lser"], "title": "Falukorv", "price": 47.1, "product_variant": "400 g", "quantity_info": [[400.0, "g"]], "image_url": "/media/uploads/public/30/113/972113-56bcc-product_list.jpg", "unit_price_raw": "kr 117,75 per kg", "product_url": "https://kolonial.no/produkter/1209-gilde-falukorv-400g/", "kolonial_id": "1209"},
  {"category": "P\u00f8lser", "category_list": ["Alle varer", "Kj\u00f8tt og kylling", "P\u00f8lser"], "title": "Kalkunkorv", "price": 43.9, "product_variant": "450 g", "quantity_info": [[450.0, "g"]], "image_url": "/media/uploads/public/26/226/445426-decd0-product_list.jpg", "unit_price_raw": "kr 97,56 per kg", "product_url": "https://kolonial.no/produkter/26183-prior-kalkunkorv/", "kolonial_id": "26183"},
  {"category": "Gr\u00f8nnsaker", "category_list": ["Alle varer", "Frukt og gr\u00f8nt", "Gr\u00f8nnsaker"], "title": "Ingef\u00e6r", "price": 31.8, "product_variant": "Kina, 500 g", "quantity_info": [[500.0, "g"]], "image_url": "/media/uploads/public/126/112/507712-885ca-product_list.jpg", "unit_price_raw": "kr 63,60 per kg", "product_url": "https://kolonial.no/produkter/26255-ingefaer-kina/", "kolonial_id": "26255"},
  {"category": "Middagsglass", "category_list": ["Alle varer", "Barneprodukter", "Middagsglass"], "title": "Tortiglioni med Kj\u00f8tt", "price": 22.1, "product_variant": "Fra 12 mnd, 250 g", "quantity_info": [[12.0, "mnd"], [250.0, "g"]], "image_url": "/media/uploads/public/301/315/126715-85b47-product_list.jpg", "unit_price_raw": "kr 88,40 per kg", "product_url": "https://kolonial.no/produkter/23350-hipp-tortiglioni-med-kjott-fra-12-mnd/", "kolonial_id": "23350"},
  {"category": "Snus", "category_list": ["Alle varer", "Snus og tobakk", "Snus"], "title": "Rw Kickup Real White Mint Slim", "price": 54.9, "product_variant": "16,8 g", "quantity_info": [[16.8, "g"]], "image_url": "https://kolonial.no/static/products/img/placeholder.bffcea8d3530.png", "unit_price_raw": "kr 3267,86 per kg", "product_url": "https://kolonial.no/produkter/25559-rw-kickup-real-white-mint-slim/", "kolonial_id": "25559"},
  {"category": "Syltet\u00f8y", "category_list": ["Alle varer", "P\u00e5legg", "Syltet\u00f8y"], "title": "Lett Klem Jordb\u00e6r", "price": 31.8, "product_variant": "400 g", "quantity_info": [[400.0, "g"]], "image_url": "/media/uploads/public/86/39/513239-ef551-product_list.jpg", "unit_price_raw": "kr 79,50 per kg", "product_url": "https://kolonial.no/produkter/26315-lerum-lett-klem-jordbaer/", "kolonial_id": "26315"},
  {"category": "Kj\u00f8tt- og kyllingp\u00e5legg", "category_list": ["Alle varer", "P\u00e5legg", "Kj\u00f8tt- og kyllingp\u00e5legg"], "title": "Skinke Med Purrel\u00f8k", "price": 15.0, "product_variant": "100 g", "quantity_info": [[100.0, "g"]], "image_url": "/media/uploads/public/378/293/969493-9faab-product_list.jpg", "unit_price_raw": "kr 150,00 per kg", "product_url": "https://kolonial.no/produkter/18379-nordfjord-skinke-med-purrelok/", "kolonial_id": "18379"},
  {"category": "Kj\u00f8tt- og kyllingp\u00e5legg", "category_list": ["Alle varer", "P\u00e5legg", "Kj\u00f8tt- og kyllingp\u00e5legg"], "title": "Frokostskinke", "price": 15.0, "product_variant": "100 g", "quantity_info": [[100.0, "g"]], "image_url": "/media/uploads/public/206/221/156621-ce1c3-product_list.jpg", "unit_price_raw": "kr 150,00 per kg", "product_url": "https://kolonial.no/produkter/12421-nordfjord-frokostskinke/", "kolonial_id": "12421"},
  {"category": "Spekemat og salami", "category_list": ["Alle varer", "P\u00e5legg", "Spekemat og salami"], "title": "Spekeskinke fra Tynset", "price": 63.6, "product_variant": "250 g", "quantity_info": [[250.0, "g"]], "image_url": "/media/uploads/public/164/55/373255-54283-product_list.jpg", "unit_price_raw": "kr 254,40 per kg", "product_url": "https://kolonial.no/produkter/25995-gilde-spekeskinke-fra-tynset/", "kolonial_id": "25995"},
  {"category": "Kattemat", "category_list": ["Alle varer", "Dyremat", "Kattemat"], "title": "Kattemat T\u00f8rrfor", "price": 44.1, "product_variant": "2 kg", "quantity_info": [[2.0, "kg"]], "image_url": "/media/uploads/public/277/99/188099-62de3-product_list.jpg", "unit_price_raw": "kr 22,05 per kg", "product_url": "https://kolonial.no/produkter/25140-rema-1000-kattemat-torrfor/", "kolonial_id": "25140"},
  {"category": "Yoghurt", "category_list": ["Alle varer", "Melk, meieriprodukter og egg", "Yoghurt"], "title": "Yoghurt Vanilje", "price": 22.1, "product_variant": "4x150g, 600 g", "quantity_info": [[4.0, "x"], [150.0, "g"], [600.0, "g"]], "image_url": "/media/uploads/public/326/260/155860-b98d7-product_list.jpg", "unit_price_raw": "kr 36,83 per kg", "product_url": "https://kolonial.no/produkter/80-tine-yoghurt-vanilje-4x150g/", "kolonial_id": "80"},
  {"category": "Te", "category_list": ["Alle varer", "Drikkevarer", "Te"], "title": "Yogi Tea Green Tea Ginger Lemon", "price": 54.1, "product_variant": "\u00d8kologisk, 17 stk", "quantity_info": [[17.0, "stk"]], "image_url": "/media/uploads/public/0/185/100585-191cf-product_list.jpg", "unit_price_raw": "kr 3,18 per stk", "product_url": "https://kolonial.no/produkter/21145-yogi-yogi-tea-green-tea-ginger-lemon-okologisk/", "kolonial_id": "21145"},
  {"category": "Kaffe", "category_list": ["Alle varer", "Drikkevarer", "Kaffe"], "title": "Senseo M\u00f8rkbrent", "price": 69.4, "product_variant": "20 stk", "quantity_info": [[20.0, "stk"]], "image_url": "/media/uploads/public/133/168/999768-e7f78-product_list.jpg", "unit_price_raw": "kr 3,47 per stk", "product_url": "https://kolonial.no/produkter/6193-friele-senseo-morkbrent/", "kolonial_id": "6193"},
  {"category": "Juice", "category_list": ["Alle varer", "Drikkevarer", "Juice"], "title": "Ananasjuice", "price": 72.8, "product_variant": "\u00d8kologisk, 0,75 l", "quantity_info": [[0.75, "l"]], "image_url": "/media/uploads/public/0/144/83344-b228f-product_list.jpg", "unit_price_raw": "kr 97,07 per l", "product_url": "https://kolonial.no/produkter/20389-helios-ananasjuice-okologisk/", "kolonial_id": "20389"},
  {"category": "Juice", "category_list": ["Alle varer", "Drikkevarer", "Juice"], "title": "Grapefruktjuice", "price": 67.3, "product_variant": "\u00d8kologisk, 0,75 l", "quantity_info": [[0.75, "l"]], "image_url": "/media/uploads/public/0/153/83353-622dc-product_list.jpg", "unit_price_raw": "kr 89,73 per l", "product_url": "https://kolonial.no/produkter/20398-helios-grapefruktjuice-okologisk/", "kolonial_id": "20398"},
  {"category": "Spesialoster", "category_list": ["Alle varer", "Oster", "Spesialoster"], "title": "Le Roul\u00e8 Urter", "price": 79.2, "product_variant": "150 g", "quantity_info": [[150.0, "g"]], "image_url": "/media/uploads/public/0/164/64564-12935-product_list.jpg", "unit_price_raw": "kr 528,00 per kg", "product_url": "https://kolonial.no/produkter/18625-le-roule-urter/", "kolonial_id": "18625"},
  {"category": "Brus", "category_list": ["Alle varer", "Drikkevarer", "Brus"], "title": "Coca-Cola Uten Sukker", "price": 25.5, "product_variant": "0,5 l", "quantity_info": [[0.5, "l"]], "image_url": "/media/uploads/public/40/356/970756-c521e-product_list.jpg", "unit_price_raw": "kr 51,00 per l", "product_url": "https://kolonial.no/produkter/518-coca-cola-coca-cola-zero-0-5l/", "kolonial_id": "518"},
  {"category": "Taco", "category_list": ["Alle varer", "Pizza og taco", "Taco"], "title": "Salsa Mild Tomat & Koriander", "price": 42.1, "product_variant": "\u00d8kologisk, 240 g", "quantity_info": [[240.0, "g"]], "image_url": "/media/uploads/public/228/307/275907-69722-product_list.jpg", "unit_price_raw": "kr 175,42 per kg", "product_url": "https://kolonial.no/produkter/25567-superbra-salsa-mild-tomat-koriander-okologisk/", "kolonial_id": "25567"},
  {"category": "Hjemmelaget pizza", "category_list": ["Alle varer", "Pizza og taco", "Hjemmelaget pizza"], "title": "Pizzasaus Intenso", "price": 10.0, "product_variant": "200 g", "quantity_info": [[200.0, "g"]], "image_url": "/media/uploads/public/109/295/188295-3f517-product_list.jpg", "unit_price_raw": "kr 50,00 per kg", "product_url": "https://kolonial.no/produkter/25270-rema-1000-pizzasaus-intenso/", "kolonial_id": "25270"},
  {"category": "Melk", "category_list": ["Alle varer", "Melk, meieriprodukter og egg", "Melk"], "title": "Cocio Classic Flaske", "price": 21.6, "product_variant": "400 ml", "quantity_info": [[400.0, "ml"]], "image_url": "/media/uploads/public/136/46/966446-fa2b4-product_list.jpg", "unit_price_raw": "kr 54,00 per l", "product_url": "https://kolonial.no/produkter/5122-cocio-cocio-classic-flaske-40cl/", "kolonial_id": "5122"},
  {"category": "Krydder", "category_list": ["Alle varer", "Olje og krydder", "Krydder"], "title": "Kardemomme", "price": 32.6, "product_variant": "46 g", "quantity_info": [[46.0, "g"]], "image_url": "/media/uploads/public/331/329/965529-d5338-product_list.jpg", "unit_price_raw": "kr 708,70 per kg", "product_url": "https://kolonial.no/produkter/6169-toro-kardemomme-46g/", "kolonial_id": "6169"},
  {"category": "Krydder", "category_list": ["Alle varer", "Olje og krydder", "Krydder"], "title": "Karri", "price": 43.6, "product_variant": "65 g", "quantity_info": [[65.0, "g"]], "image_url": "/media/uploads/public/128/288/965488-9a6e1-product_list.jpg", "unit_price_raw": "kr 670,77 per kg", "product_url": "https://kolonial.no/produkter/6079-toro-karri-65g/", "kolonial_id": "6079"},
  {"category": "Shampo og h\u00e5rprodukter", "category_list": ["Alle varer", "Shampo, s\u00e5pe og krem", "Shampo og h\u00e5rprodukter"], "title": "Shampo Strength Cure", "price": 82.6, "product_variant": "400 ml", "quantity_info": [[400.0, "ml"]], "image_url": "/media/uploads/public/361/322/164722-5bd59-product_list.jpg", "unit_price_raw": "kr 206,50 per l", "product_url": "https://kolonial.no/produkter/25007-botanicals-shampo-strength-cure/", "kolonial_id": "25007"},
  {"category": "Gulost", "category_list": ["Alle varer", "Oster", "Gulost"], "title": "Skivet Ost", "price": 29.9, "product_variant": "Maasdam, 175 g", "quantity_info": [[175.0, "g"]], "image_url": "/media/uploads/public/75/42/973642-7158e-product_list.jpg", "unit_price_raw": "kr 170,86 per kg", "product_url": "https://kolonial.no/produkter/27584-vergeer-skivet-ost-maasdam/", "kolonial_id": "27584"},
  {"category": "Fryst pizza", "category_list": ["Alle varer", "Pizza og taco", "Fryst pizza"], "title": "Pizza Prosciutto", "price": 38.7, "product_variant": "435 g", "quantity_info": [[435.0, "g"]], "image_url": "/media/uploads/public/325/38/967638-86d71-product_list.jpg", "unit_price_raw": "kr 88,97 per kg", "product_url": "https://kolonial.no/produkter/13354-rema-1000-pizza-prosciutto-435g/", "kolonial_id": "13354"},
  {"category": "Tannpleie", "category_list": ["Alle varer", "Hygieneartikler", "Tannpleie"], "title": "Tannstikker Dobbeltspisset", "price": 27.3, "product_variant": "100 stk", "quantity_info": [[100.0, "stk"]], "image_url": "/media/uploads/public/213/360/996360-820b8-product_list.jpg", "unit_price_raw": "kr 0,27 per stk", "product_url": "https://kolonial.no/produkter/410-jordan-tannstikker-dobbeltspisset-100-stk/", "kolonial_id": "410"},
  {"category": "Vaskemidler", "category_list": ["Alle varer", "T\u00f8rkepapir og vaskemidler", "Vaskemidler"], "title": "Fresh Discs Breeze", "price": 31.8, "product_variant": "6 stk", "quantity_info": [[6.0, "stk"]], "image_url": "/media/uploads/public/169/271/1007871-f0980-product_list.jpg", "unit_price_raw": "kr 5,30 per stk", "product_url": "https://kolonial.no/produkter/21418-wc-duck-fresh-discs-breeze/", "kolonial_id": "21418"},
  {"category": "Baketilbeh\u00f8r", "category_list": ["Alle varer", "Mel og bakeingredienser", "Baketilbeh\u00f8r"], "title": "Formfett", "price": 38.1, "product_variant": "175 ml", "quantity_info": [[175.0, "ml"]], "image_url": "/media/uploads/public/338/48/965248-600f0-product_list.jpg", "unit_price_raw": "kr 217,71 per l", "product_url": "https://kolonial.no/produkter/444-stabburet-formfett-175ml/", "kolonial_id": "444"},
  {"category": "Klesvask", "category_list": ["Alle varer", "T\u00f8rkepapir og vaskemidler", "Klesvask"], "title": "T\u00f8ymykner Sommereng", "price": 15.7, "product_variant": "1 l", "quantity_info": [[1.0, "l"]], "image_url": "/media/uploads/public/324/233/156633-e43ed-product_list.jpg", "unit_price_raw": "kr 15,70 per l", "product_url": "https://kolonial.no/produkter/8512-rema-1000-toymykner-sommereng-750ml/", "kolonial_id": "8512"},
  {"category": "Oljer og dressinger", "category_list": ["Alle varer", "Olje og krydder", "Oljer og dressinger"], "title": "Thousand Island", "price": 27.8, "product_variant": "450 g", "quantity_info": [[450.0, "g"]], "image_url": "/media/uploads/public/372/45/965245-ecdd1-product_list.jpg", "unit_price_raw": "kr 61,78 per kg", "product_url": "https://kolonial.no/produkter/552-idun-thousand-island-450g/", "kolonial_id": "552"},
  {"category": "Frokostblandinger og gryn", "category_list": ["Alle varer", "Br\u00f8d og frokostblandinger", "Frokostblandinger og gryn"], "title": "Havregr\u00f8t \"to go\" med Mandel & Havsalt", "price": 26.7, "product_variant": "50 g", "quantity_info": [[50.0, "g"]], "image_url": "/media/uploads/public/167/221/332221-5d714-product_list.jpg", "unit_price_raw": "kr 534,00 per kg", "product_url": "https://kolonial.no/produkter/25692-rude-health-havregrot-go-med-mandel-havsalt/", "kolonial_id": "25692"},
  {"category": "Frosne br\u00f8d og rundstykker", "category_list": ["Alle varer", "Br\u00f8d og frokostblandinger", "Frosne br\u00f8d og rundstykker"], "title": "Fria Familiekneipp", "price": 55.9, "product_variant": "Glutenfri, 500 g", "quantity_info": [[500.0, "g"]], "image_url": "/media/uploads/public/60/129/723729-424d5-product_list.jpg", "unit_price_raw": "kr 111,80 per kg", "product_url": "https://kolonial.no/produkter/27759-fria-fria-familiekneipp-glutenfri/", "kolonial_id": "27759"},
  {"category": "Knekkebr\u00f8d", "category_list": ["Alle varer", "Br\u00f8d og frokostblandinger", "Knekkebr\u00f8d"], "title": "Riskaker", "price": 10.5, "product_variant": "100 g", "quantity_info": [[100.0, "g"]], "image_url": "/media/uploads/public/24/234/156634-5cf26-product_list.jpg", "unit_price_raw": "kr 105,00 per kg", "product_url": "https://kolonial.no/produkter/8588-rema-1000-riskaker-100g/", "kolonial_id": "8588"},
  {"category": "Langtidsholdbare br\u00f8d", "category_list": ["Alle varer", "Br\u00f8d og frokostblandinger", "Langtidsholdbare br\u00f8d"], "title": "Fiberbaguetter", "price": 56.8, "product_variant": "Glutenfri, 300 g", "quantity_info": [[300.0, "g"]], "image_url": "/media/uploads/public/380/106/968906-8f1ff-product_list.jpg", "unit_price_raw": "kr 189,33 per kg", "product_url": "https://kolonial.no/produkter/16987-semper-fiberbaguetter-glutenfri/", "kolonial_id": "16987"},
  {"category": "Langtidsholdbare br\u00f8d", "category_list": ["Alle varer", "Br\u00f8d og frokostblandinger", "Langtidsholdbare br\u00f8d"], "title": "Flerkornbr\u00f8d", "price": 51.3, "product_variant": "Glutenfri, 300 g", "quantity_info": [[300.0, "g"]], "image_url": "/media/uploads/public/83/24/998824-c329f-product_list.jpg", "unit_price_raw": "kr 171,00 per kg", "product_url": "https://kolonial.no/produkter/23341-schar-flerkornbrod-glutenfri/", "kolonial_id": "23341"},
  {"category": "Pasta og nudler", "category_list": ["Alle varer", "Middager og tilbeh\u00f8r", "Pasta og nudler"], "title": "Nudler med Pepperbiffsmak", "price": 28.8, "product_variant": "65 g", "quantity_info": [[65.0, "g"]], "image_url": "/media/uploads/public/242/93/972493-644a4-product_list.jpg", "unit_price_raw": "kr 443,08 per kg", "product_url": "https://kolonial.no/produkter/10751-mr-lee-nudler-med-pepperbiffsmak-65g/", "kolonial_id": "10751"},
  {"category": "Pasta og nudler", "category_list": ["Alle varer", "Middager og tilbeh\u00f8r", "Pasta og nudler"], "title": "Kopp-Nudler Med Kj\u00f8ttsmak", "price": 23.9, "product_variant": "65 g", "quantity_info": [[65.0, "g"]], "image_url": "/media/uploads/public/160/97/972497-be85b-product_list.jpg", "unit_price_raw": "kr 367,69 per kg", "product_url": "https://kolonial.no/produkter/6337-mr-lee-kopp-nudler-med-kjottsmak/", "kolonial_id": "6337"},
  {"category": "Hermetisert frukt og gr\u00f8nt", "category_list": ["Alle varer", "Frukt og gr\u00f8nt", "Hermetisert frukt og gr\u00f8nt"], "title": "Champignon Hel", "price": 14.4, "product_variant": "400 g", "quantity_info": [[400.0, "g"]], "image_url": "/media/uploads/public/278/275/973875-19b5a-product_list.jpg", "unit_price_raw": "kr 36,00 per kg", "product_url": "https://kolonial.no/produkter/8642-rema-1000-champignon-hel-400g/", "kolonial_id": "8642"},
  {"category": "Ferdige middagsretter", "category_list": ["Alle varer", "Middager og tilbeh\u00f8r", "Ferdige middagsretter"], "title": "Chili Con Carne", "price": 26.8, "product_variant": "500 g", "quantity_info": [[500.0, "g"]], "image_url": "/media/uploads/public/147/38/373238-beda0-product_list.jpg", "unit_price_raw": "kr 53,60 per kg", "product_url": "https://kolonial.no/produkter/25986-rema-1000-chili-con-carne/", "kolonial_id": "25986"},
  {"category": "Ferdigsauser", "category_list": ["Alle varer", "Middager og tilbeh\u00f8r", "Ferdigsauser"], "title": "Sweet Chilisaus", "price": 44.3, "product_variant": "380 g", "quantity_info": [[380.0, "g"]], "image_url": "/media/uploads/public/366/205/969805-a4023-product_list.jpg", "unit_price_raw": "kr 116,58 per kg", "product_url": "https://kolonial.no/produkter/19261-blue-dragon-sweet-chilisaus/", "kolonial_id": "19261"},
  {"category": "Ferdigsauser", "category_list": ["Alle varer", "Middager og tilbeh\u00f8r", "Ferdigsauser"], "title": "Sweet Chillisaus", "price": 63.1, "product_variant": "715 ml", "quantity_info": [[715.0, "ml"]], "image_url": "/media/uploads/public/199/236/967436-9437a-product_list.jpg", "unit_price_raw": "kr 88,25 per l", "product_url": "https://kolonial.no/produkter/10969-go-tan-sweet-chillisaus-715ml/", "kolonial_id": "10969"},
  {"category": "Gr\u00f8nnsaker", "category_list": ["Alle varer", "Frukt og gr\u00f8nt", "Gr\u00f8nnsaker"], "title": "Ingef\u00e6r", "price": 17.9, "product_variant": "Kina, 100 g", "quantity_info": [[100.0, "g"]], "image_url": "/media/uploads/public/116/21/642821-aa02b-product_list.jpg", "unit_price_raw": "kr 179,00 per kg", "product_url": "https://kolonial.no/produkter/9272-ingefaer-kina/", "kolonial_id": "9272"},
  {"category": "Middagsglass", "category_list": ["Alle varer", "Barneprodukter", "Middagsglass"], "title": "Gr\u00f8nnsaks- & Kalvegryte", "price": 20.5, "product_variant": "\u00d8kologisk, fra 8mnd, 190 g", "quantity_info": [[8.0, "mnd"], [190.0, "g"]], "image_url": "/media/uploads/public/340/39/971239-eb566-product_list.jpg", "unit_price_raw": "kr 107,89 per kg", "product_url": "https://kolonial.no/produkter/23629-hipp-gronnsaks-kalvegryte-okologisk-fra-8mnd/", "kolonial_id": "23629"},
  {"category": "Snus", "category_list": ["Alle varer", "Snus og tobakk", "Snus"], "title": "Epok Ice Cool Slim Strong", "price": 95.9, "product_variant": "16,8 g", "quantity_info": [[16.8, "g"]], "image_url": "https://kolonial.no/static/products/img/placeholder.bffcea8d3530.png", "unit_price_raw": "kr 5708,33 per kg", "product_url": "https://kolonial.no/produkter/25558-epok-epok-ice-cool-slim-strong/", "kolonial_id": "25558"},
  {"category": "Snus", "category_list": ["Alle varer", "Snus og tobakk", "Snus"], "title": "Kickup Strong Nikotinfri", "price": 55.4, "product_variant": "20 g", "quantity_info": [[20.0, "g"]], "image_url": "https://kolonial.no/static/products/img/placeholder.bffcea8d3530.png", "unit_price_raw": "kr 2770,00 per kg", "product_url": "https://kolonial.no/produkter/25562-kickup-strong-nikotinfri/", "kolonial_id": "25562"},
  {"category": "Syltet\u00f8y", "category_list": ["Alle varer", "P\u00e5legg", "Syltet\u00f8y"], "title": "Tytteb\u00e6rsyltet\u00f8y", "price": 37.0, "product_variant": "600 g", "quantity_info": [[600.0, "g"]], "image_url": "/media/uploads/public/73/322/511522-6b502-product_list.jpg", "unit_price_raw": "kr 61,67 per kg", "product_url": "https://kolonial.no/produkter/26279-lerum-tyttebaersyltetoy/", "kolonial_id": "26279"},
  {"category": "Kj\u00f8tt- og kyllingp\u00e5legg", "category_list": ["Alle varer", "P\u00e5legg", "Kj\u00f8tt- og kyllingp\u00e5legg"], "title": "Kalkunfilet Naturell", "price": 28.0, "product_variant": "100 g", "quantity_info": [[100.0, "g"]], "image_url": "/media/uploads/public/88/396/694796-d0587-product_list.jpg", "unit_price_raw": "kr 280,00 per kg", "product_url": "https://kolonial.no/produkter/3661-prior-kalkunfilet-naturell-100g/", "kolonial_id": "3661"},
  {"category": "Spekemat og salami", "category_list": ["Alle varer", "P\u00e5legg", "Spekemat og salami"], "title": "Spekeskalker", "price": 38.1, "product_variant": "200 g", "quantity_info": [[200.0, "g"]], "image_url": "/media/uploads/public/30/325/972725-cabc2-product_list.jpg", "unit_price_raw": "kr 190,50 per kg", "product_url": "https://kolonial.no/produkter/17266-stranda-spekeskalker/", "kolonial_id": "17266"},
  {"category": "Spekemat og salami", "category_list": ["Alle varer", "P\u00e5legg", "Spekemat og salami"], "title": "Spekeskinke Bit uten Ben R\u00f8kt", "price": 250.0, "product_variant": "R\u00f8kt, 1,2 kg", "quantity_info": [[1.2, "kg"]], "image_url": "/media/uploads/public/152/17/141217-39af8-product_list.jpg", "unit_price_raw": "kr 208,33 per kg", "product_url": "https://kolonial.no/produkter/24153-spekeskinke-bit-uten-ben-rokt-rokt/", "kolonial_id": "24153"},
  {"category": "Kattemat", "category_list": ["Alle varer", "Dyremat", "Kattemat"], "title": "Whiskas Ragout Mixed Menu", "price": 64.9, "product_variant": "12 stk, 1,02 kg", "quantity_info": [[12.0, "stk"], [1.02, "kg"]], "image_url": "/media/uploads/public/298/307/973907-31da4-product_list.jpg", "unit_price_raw": "kr 63,63 per kg", "product_url": "https://kolonial.no/produkter/27752-whiskas-whiskas-ragout-mixed-menu-12-stk/", "kolonial_id": "27752"},
  {"category": "Yoghurt", "category_list": ["Alle varer", "Melk, meieriprodukter og egg", "Yoghurt"], "title": "Yoghurt Jordb\u00e6r", "price": 17.8, "product_variant": "4x150g, 600 g", "quantity_info": [[4.0, "x"], [150.0, "g"], [600.0, "g"]], "image_url": "/media/uploads/public/0/135/935-b3ab5-product_list.jpg", "unit_price_raw": "kr 29,67 per kg", "product_url": "https://kolonial.no/produkter/74-yoghurt-jordbaer-4x150/", "kolonial_id": "74"},
  {"category": "Yoghurt", "category_list": ["Alle varer", "Melk, meieriprodukter og egg", "Yoghurt"], "title": "Yoghurt Skogsb\u00e6r", "price": 20.3, "product_variant": "4x150g, 600 g", "quantity_info": [[4.0, "x"], [150.0, "g"], [600.0, "g"]], "image_url": "/media/uploads/public/0/134/934-5cfab-product_list.jpg", "unit_price_raw": "kr 33,83 per kg", "product_url": "https://kolonial.no/produkter/76-tine-yoghurt-skogsbaer-4x150/", "kolonial_id": "76"},
  {"category": "Te", "category_list": ["Alle varer", "Drikkevarer", "Te"], "title": "Yogi Tea Ginger Lemon", "price": 54.1, "product_variant": "\u00d8kologisk, 17 stk", "quantity_info": [[17.0, "stk"]], "image_url": "/media/uploads/public/0/116/100516-e4b34-product_list.jpg", "unit_price_raw": "kr 3,18 per stk", "product_url": "https://kolonial.no/produkter/21136-yogi-yogi-tea-ginger-lemon-okologisk/", "kolonial_id": "21136"},
  {"category": "Te", "category_list": ["Alle varer", "Drikkevarer", "Te"], "title": "Yogi Tea Detox", "price": 54.1, "product_variant": "\u00d8kologisk, 17 stk", "quantity_info": [[17.0, "stk"]], "image_url": "/media/uploads/public/0/143/100543-d9fee-product_list.jpg", "unit_price_raw": "kr 3,18 per stk", "product_url": "https://kolonial.no/produkter/21139-yogi-yogi-tea-detox-okologisk/", "kolonial_id": "21139"},
  {"category": "Kaffe", "category_list": ["Alle varer", "Drikkevarer", "Kaffe"], "title": "Tassimo Friele Frokostkaffe", "price": 65.2, "product_variant": "136 g", "quantity_info": [[136.0, "g"]], "image_url": "/media/uploads/public/84/175/970175-1daba-product_list.jpg", "unit_price_raw": "kr 479,41 per kg", "product_url": "https://kolonial.no/produkter/20965-tassimo-tassimo-friele-frokostkaffe/", "kolonial_id": "20965"},
  {"category": "Kaffe", "category_list": ["Alle varer", "Drikkevarer", "Kaffe"], "title": "Nescaf\u00e9 Cappuccino", "price": 29.1, "product_variant": "10 stk, 125 g", "quantity_info": [[10.0, "stk"], [125.0, "g"]], "image_url": "/media/uploads/public/244/368/969968-b250a-product_list.jpg", "unit_price_raw": "kr 232,80 per kg", "product_url": "https://kolonial.no/produkter/939-nescafe-nescafe-cappuccino-10-stk/", "kolonial_id": "939"},
  {"category": "Juice", "category_list": ["Alle varer", "Drikkevarer", "Juice"], "title": "Helios Gulrotjuice m+", "price": 52.9, "product_variant": "0,75 l", "quantity_info": [[0.75, "l"]], "image_url": "/media/uploads/public/0/120/83320-eaf72-product_list.jpg", "unit_price_raw": "kr 70,53 per l", "product_url": "https://kolonial.no/produkter/20365-helios-helios-gulrotjuice-m/", "kolonial_id": "20365"},
  {"category": "Juice", "category_list": ["Alle varer", "Drikkevarer", "Juice"], "title": "Gr\u00f8nnsaksjuice", "price": 44.5, "product_variant": "0,5 l", "quantity_info": [[0.5, "l"]], "image_url": "/media/uploads/public/0/360/15160-3435a-product_list.jpg", "unit_price_raw": "kr 89,00 per l", "product_url": "https://kolonial.no/produkter/10897-granini-gronnsaksjuice-05l/", "kolonial_id": "10897"},
  {"category": "Brus", "category_list": ["Alle varer", "Drikkevarer", "Brus"], "title": "Coca-Cola", "price": 25.5, "product_variant": "0,5 l", "quantity_info": [[0.5, "l"]], "image_url": "/media/uploads/public/214/14/974014-ad47a-product_list.jpg", "unit_price_raw": "kr 51,00 per l", "product_url": "https://kolonial.no/produkter/459-coca-cola-coca-cola/", "kolonial_id": "459"},
  {"category": "Brus", "category_list": ["Alle varer", "Drikkevarer", "Brus"], "title": "Coca-Cola Light", "price": 23.1, "product_variant": "0,5 l", "quantity_info": [[0.5, "l"]], "image_url": "/media/uploads/public/85/321/968321-6b7d2-product_list.jpg", "unit_price_raw": "kr 46,20 per l", "product_url": "https://kolonial.no/produkter/521-coca-cola-coca-cola-light/", "kolonial_id": "521"},
  {"category": "Taco", "category_list": ["Alle varer", "Pizza og taco", "Taco"], "title": "Salsa Sterk Chili & Hvitl\u00f8k", "price": 42.1, "product_variant": "\u00d8kologisk, 240 g", "quantity_info": [[240.0, "g"]], "image_url": "/media/uploads/public/281/305/275905-10942-product_list.jpg", "unit_price_raw": "kr 175,42 per kg", "product_url": "https://kolonial.no/produkter/25569-superbra-salsa-sterk-chili-hvitlok-okologisk/", "kolonial_id": "25569"},
  {"category": "Taco", "category_list": ["Alle varer", "Pizza og taco", "Taco"], "title": "Tacokrydder", "price": 37.0, "product_variant": "\u00d8kologisk, 150 g", "quantity_info": [[150.0, "g"]], "image_url": "/media/uploads/public/289/308/275908-8f2d3-product_list.jpg", "unit_price_raw": "kr 246,67 per kg", "product_url": "https://kolonial.no/produkter/25566-superbra-tacokrydder-okologisk/", "kolonial_id": "25566"},
  {"category": "Hjemmelaget pizza", "category_list": ["Alle varer", "Pizza og taco", "Hjemmelaget pizza"], "title": "Pizzafyll Tomat & Urter", "price": 20.1, "product_variant": "58 g", "quantity_info": [[58.0, "g"]], "image_url": "/media/uploads/public/17/330/967530-485b9-product_list.jpg", "unit_price_raw": "kr 346,55 per kg", "product_url": "https://kolonial.no/produkter/10745-toro-pizzafyll-tomat-urter-58g/", "kolonial_id": "10745"},
  {"category": "Hjemmelaget pizza", "category_list": ["Alle varer", "Pizza og taco", "Hjemmelaget pizza"], "title": "Pizzafyll Mexicana", "price": 22.5, "product_variant": "60 g", "quantity_info": [[60.0, "g"]], "image_url": "/media/uploads/public/310/266/971066-8e42d-product_list.jpg", "unit_price_raw": "kr 375,00 per kg", "product_url": "https://kolonial.no/produkter/10742-toro-pizzafyll-mexicana-60g/", "kolonial_id": "10742"},
  {"category": "Melk", "category_list": ["Alle varer", "Melk, meieriprodukter og egg", "Melk"], "title": "BioQ Bl\u00e5b\u00e6r & Bringeb\u00e6r", "price": 38.9, "product_variant": "1 l", "quantity_info": [[1.0, "l"]], "image_url": "/media/uploads/public/333/63/970863-a6e5e-product_list.jpg", "unit_price_raw": "kr 38,90 per l", "product_url": "https://kolonial.no/produkter/21658-q-meieriene-bioq-blabaer-bringebaer/", "kolonial_id": "21658"},
  {"category": "Melk", "category_list": ["Alle varer", "Melk, meieriprodukter og egg", "Melk"], "title": "Milkshake Sjokolade", "price": 17.8, "product_variant": "220 ml", "quantity_info": [[220.0, "ml"]], "image_url": "/media/uploads/public/0/32/6832-15a55-product_list.jpg", "unit_price_raw": "kr 80,91 per l", "product_url": "https://kolonial.no/produkter/8104-tine-milkshake-sjokolade-220ml/", "kolonial_id": "8104"},
  {"category": "Krydder", "category_list": ["Alle varer", "Olje og krydder", "Krydder"], "title": "Kajennepepper", "price": 36.7, "product_variant": "T\u00f8rr, 62 g", "quantity_info": [[62.0, "g"]], "image_url": "/media/uploads/public/304/40/965640-99c0b-product_list.jpg", "unit_price_raw": "kr 591,94 per kg", "product_url": "https://kolonial.no/produkter/6202-toro-kajennepepper-torr-62g/", "kolonial_id": "6202"},
  {"category": "Krydder", "category_list": ["Alle varer", "Olje og krydder", "Krydder"], "title": "Kyllingkrydder", "price": 27.6, "product_variant": "101 g", "quantity_info": [[101.0, "g"]], "image_url": "/media/uploads/public/154/389/969589-cc364-product_list.jpg", "unit_price_raw": "kr 273,27 per kg", "product_url": "https://kolonial.no/produkter/18775-toro-kyllingkrydder/", "kolonial_id": "18775"},
  {"category": "Shampo og h\u00e5rprodukter", "category_list": ["Alle varer", "Shampo, s\u00e5pe og krem", "Shampo og h\u00e5rprodukter"], "title": "Strength Mask", "price": 102.6, "product_variant": "200 ml", "quantity_info": [[200.0, "ml"]], "image_url": "/media/uploads/public/133/329/164729-594c1-product_list.jpg", "unit_price_raw": "kr 513,00 per l", "product_url": "https://kolonial.no/produkter/25086-botanicals-strength-mask/", "kolonial_id": "25086"},
  {"category": "Shampo og h\u00e5rprodukter", "category_list": ["Alle varer", "Shampo, s\u00e5pe og krem", "Shampo og h\u00e5rprodukter"], "title": "Radiance Color Mask", "price": 103.5, "product_variant": "200 ml", "quantity_info": [[200.0, "ml"]], "image_url": "/media/uploads/public/368/370/187170-9d512-product_list.jpg", "unit_price_raw": "kr 517,50 per l", "product_url": "https://kolonial.no/produkter/25084-botanicals-radiance-color-mask/", "kolonial_id": "25084"},
  {"category": "Gulost", "category_list": ["Alle varer", "Oster", "Gulost"], "title": "Tine Jarlsberg Skiver", "price": 34.6, "product_variant": "120 g", "quantity_info": [[120.0, "g"]], "image_url": "/media/uploads/public/357/340/693940-2fe5b-product_list.jpg", "unit_price_raw": "kr 288,33 per kg", "product_url": "https://kolonial.no/produkter/27364-tine-tine-jarlsberg-skiver/", "kolonial_id": "27364"},
  {"category": "Gulost", "category_list": ["Alle varer", "Oster", "Gulost"], "title": "Vegetabilsk Blokkost Original", "price": 83.3, "product_variant": "Melkefri, 400 g", "quantity_info": [[400.0, "g"]], "image_url": "/media/uploads/public/88/192/718992-ba139-product_list.jpg", "unit_price_raw": "kr 208,25 per kg", "product_url": "https://kolonial.no/produkter/26155-violife-vegetabilsk-blokkost-original-melkefri/", "kolonial_id": "26155"},
  {"category": "Fryst pizza", "category_list": ["Alle varer", "Pizza og taco", "Fryst pizza"], "title": "Pizza Mozzarella", "price": 39.6, "product_variant": "435 g", "quantity_info": [[435.0, "g"]], "image_url": "/media/uploads/public/376/219/973819-3c749-product_list.jpg", "unit_price_raw": "kr 91,03 per kg", "product_url": "https://kolonial.no/produkter/13360-rema-1000-pizza-mozzarella-435g/", "kolonial_id": "13360"},
  {"category": "Fryst pizza", "category_list": ["Alle varer", "Pizza og taco", "Fryst pizza"], "title": "Pizza Skinke", "price": 35.9, "product_variant": "2x330g, 660 g", "quantity_info": [[2.0, "x"], [330.0, "g"], [660.0, "g"]], "image_url": "/media/uploads/public/147/21/966821-1444d-product_list.jpg", "unit_price_raw": "kr 54,39 per kg", "product_url": "https://kolonial.no/produkter/4291-rema-1000-pizza-skinke-2x330g/", "kolonial_id": "4291"},
  {"category": "Tannpleie", "category_list": ["Alle varer", "Hygieneartikler", "Tannpleie"], "title": "Zendium Classic", "price": 37.1, "product_variant": "75 ml", "quantity_info": [[75.0, "ml"]], "image_url": "/media/uploads/public/332/288/973888-1d8de-product_list.jpg", "unit_price_raw": "kr 494,67 per l", "product_url": "https://kolonial.no/produkter/27801-zendium-zendium-classic/", "kolonial_id": "27801"},
  {"category": "Vaskemidler", "category_list": ["Alle varer", "T\u00f8rkepapir og vaskemidler", "Vaskemidler"], "title": "One Touch Lemon", "price": 40.7, "product_variant": "1 stk", "quantity_info": [[1.0, "stk"]], "image_url": "/media/uploads/public/52/246/882646-db785-product_list.jpg", "unit_price_raw": "kr 40,70 per stk", "product_url": "https://kolonial.no/produkter/15708-glade-one-touch-lemon/", "kolonial_id": "15708"},
  {"category": "Baketilbeh\u00f8r", "category_list": ["Alle varer", "Mel og bakeingredienser", "Baketilbeh\u00f8r"], "title": "Marsipan", "price": 15.9, "product_variant": "500 g", "quantity_info": [[500.0, "g"]], "image_url": "/media/uploads/public/96/67/964467-c055b-product_list.jpg", "unit_price_raw": "kr 31,80 per kg", "product_url": "https://kolonial.no/produkter/8308-rema-1000-marsipan-500g/", "kolonial_id": "8308"},
  {"category": "Baketilbeh\u00f8r", "category_list": ["Alle varer", "Mel og bakeingredienser", "Baketilbeh\u00f8r"], "title": "Piano Kakekrem", "price": 30.7, "product_variant": "Med Romsmak, 0,5 l", "quantity_info": [[0.5, "l"]], "image_url": "/media/uploads/public/136/370/965170-c75e0-product_list.jpg", "unit_price_raw": "kr 61,40 per l", "product_url": "https://kolonial.no/produkter/12238-tine-piano-kakekrem-med-romsmak-05l/", "kolonial_id": "12238"},
  {"category": "Klesvask", "category_list": ["Alle varer", "T\u00f8rkepapir og vaskemidler", "Klesvask"], "title": "T\u00f8ymykner Frisk Duft", "price": 29.0, "product_variant": "750 ml", "quantity_info": [[750.0, "ml"]], "image_url": "/media/uploads/public/70/68/155268-812a5-product_list.jpg", "unit_price_raw": "kr 38,67 per l", "product_url": "https://kolonial.no/produkter/25083-rema-1000-toymykner-frisk-duft/", "kolonial_id": "25083"},
  {"category": "Klesvask", "category_list": ["Alle varer", "T\u00f8rkepapir og vaskemidler", "Klesvask"], "title": "T\u00f8ymykner Sensitive", "price": 22.5, "product_variant": "750 ml", "quantity_info": [[750.0, "ml"]], "image_url": "/media/uploads/public/274/355/970755-44efa-product_list.jpg", "unit_price_raw": "kr 30,00 per l", "product_url": "https://kolonial.no/produkter/22723-rema-1000-toymykner-sensitive/", "kolonial_id": "22723"},
  {"category": "Oljer og dressinger", "category_list": ["Alle varer", "Olje og krydder", "Oljer og dressinger"], "title": "R\u00f8mmedressing", "price": 37.8, "product_variant": "470 ml", "quantity_info": [[470.0, "ml"]], "image_url": "/media/uploads/public/367/39/965239-6fd86-product_list.jpg", "unit_price_raw": "kr 80,43 per l", "product_url": "https://kolonial.no/produkter/6562-idun-rommedressing-470ml/", "kolonial_id": "6562"},
  {"category": "Frokostblandinger og gryn", "category_list": ["Alle varer", "Br\u00f8d og frokostblandinger", "Frokostblandinger og gryn"], "title": "Kolonihagen Frokostblanding", "price": 45.9, "product_variant": "325 g", "quantity_info": [[325.0, "g"]], "image_url": "/media/uploads/public/262/211/979411-871bf-product_list.jpg", "unit_price_raw": "kr 141,23 per kg", "product_url": "https://kolonial.no/produkter/27912-kolonihagen-kolonihagen-frokostblanding/", "kolonial_id": "27912"},
  {"category": "Frokostblandinger og gryn", "category_list": ["Alle varer", "Br\u00f8d og frokostblandinger", "Frokostblandinger og gryn"], "title": "Quaker Mini Fras", "price": 49.0, "product_variant": "350 g", "quantity_info": [[350.0, "g"]], "image_url": "/media/uploads/public/338/147/973347-b0938-product_list.jpg", "unit_price_raw": "kr 140,00 per kg", "product_url": "https://kolonial.no/produkter/27302-quaker-quaker-mini-fras/", "kolonial_id": "27302"},
  {"category": "Frosne br\u00f8d og rundstykker", "category_list": ["Alle varer", "Br\u00f8d og frokostblandinger", "Frosne br\u00f8d og rundstykker"], "title": "Havrebr\u00f8d", "price": 62.9, "product_variant": "Glutenfri, 500 g", "quantity_info": [[500.0, "g"]], "image_url": "/media/uploads/public/150/209/1003409-3c12c-product_list.jpg", "unit_price_raw": "kr 125,80 per kg", "product_url": "https://kolonial.no/produkter/28053-fria-havrebrod-glutenfri/", "kolonial_id": "28053"},
  {"category": "Knekkebr\u00f8d", "category_list": ["Alle varer", "Br\u00f8d og frokostblandinger", "Knekkebr\u00f8d"], "title": "Flatbr\u00f8d", "price": 17.3, "product_variant": "300 g", "quantity_info": [[300.0, "g"]], "image_url": "/media/uploads/public/271/361/967961-a2d07-product_list.jpg", "unit_price_raw": "kr 57,67 per kg", "product_url": "https://kolonial.no/produkter/6967-ideal-flatbrod/", "kolonial_id": "6967"},
  {"category": "Langtidsholdbare br\u00f8d", "category_list": ["Alle varer", "Br\u00f8d og frokostblandinger", "Langtidsholdbare br\u00f8d"], "title": "Formbr\u00f8d", "price": 51.3, "product_variant": "Glutenfri, 400 g", "quantity_info": [[400.0, "g"]], "image_url": "/media/uploads/public/276/347/971147-15f76-product_list.jpg", "unit_price_raw": "kr 128,25 per kg", "product_url": "https://kolonial.no/produkter/23342-semper-formbrod-glutenfri/", "kolonial_id": "23342"},
  {"category": "Pasta og nudler", "category_list": ["Alle varer", "Middager og tilbeh\u00f8r", "Pasta og nudler"], "title": "Pasta Bolognese", "price": 27.1, "product_variant": "Rett i Koppen, 65 g", "quantity_info": [[65.0, "g"]], "image_url": "/media/uploads/public/345/355/965555-452e9-product_list.jpg", "unit_price_raw": "kr 416,92 per kg", "product_url": "https://kolonial.no/produkter/6304-toro-pasta-bolognese-rett-i-koppen/", "kolonial_id": "6304"},
  {"category": "Hermetisert frukt og gr\u00f8nt", "category_list": ["Alle varer", "Frukt og gr\u00f8nt", "Hermetisert frukt og gr\u00f8nt"], "title": "Store Hvite B\u00f8nner", "price": 9.7, "product_variant": "\u00d8kologisk, 285 g", "quantity_info": [[285.0, "g"]], "image_url": "/media/uploads/public/314/262/965862-5a064-product_list.jpg", "unit_price_raw": "kr 34,04 per kg", "product_url": "https://kolonial.no/produkter/5797-go-eco-store-hvite-bonner-okologisk-285g/", "kolonial_id": "5797"},
  {"category": "Ferdige middagsretter", "category_list": ["Alle varer", "Middager og tilbeh\u00f8r", "Ferdige middagsretter"], "title": "Pasta Carbonara", "price": 69.0, "product_variant": "1 kg", "quantity_info": [[1.0, "kg"]], "image_url": "/media/uploads/public/348/349/619149-cde80-product_list.jpg", "unit_price_raw": "kr 69,00 per kg", "product_url": "https://kolonial.no/produkter/26632-rema-1000-pasta-carbonara/", "kolonial_id": "26632"},
  {"category": "Ferdigsauser", "category_list": ["Alle varer", "Middager og tilbeh\u00f8r", "Ferdigsauser"], "title": "Sweet Chili Saus", "price": 32.3, "product_variant": "700 ml", "quantity_info": [[700.0, "ml"]], "image_url": "/media/uploads/public/230/308/971108-ce7b5-product_list.jpg", "unit_price_raw": "kr 46,14 per l", "product_url": "https://kolonial.no/produkter/8722-rema-1000-sweet-chili-saus-700ml/", "kolonial_id": "8722"},
  {"category": "P\u00f8lser", "category_list": ["Alle varer", "Kj\u00f8tt og kylling", "P\u00f8lser"], "title": "Servelat Snabb", "price": 46.2, "product_variant": "500 g", "quantity_info": [[500.0, "g"]], "image_url": "/media/uploads/public/156/237/969437-cc2eb-product_list.jpg", "unit_price_raw": "kr 92,40 per kg", "product_url": "https://kolonial.no/produkter/18259-nordfjord-servelat-snabb/", "kolonial_id": "18259"},
  {"category": "P\u00f8lser", "category_list": ["Alle varer", "Kj\u00f8tt og kylling", "P\u00f8lser"], "title": "Falukorv Snabb", "price": 50.9, "product_variant": "400 g", "quantity_info": [[400.0, "g"]], "image_url": "/media/uploads/public/42/381/428381-b6cb1-product_list.jpg", "unit_price_raw": "kr 127,25 per kg", "product_url": "https://kolonial.no/produkter/26170-nordfjord-falukorv-snabb/", "kolonial_id": "26170"},
  {"category": "Fr\u00f8, n\u00f8tter og t\u00f8rket frukt", "category_list": ["Alle varer", "Frukt og gr\u00f8nt", "Fr\u00f8, n\u00f8tter og t\u00f8rket frukt"], "title": "Svisker", "price": 13.9, "product_variant": "Prima, 227 g", "quantity_info": [[227.0, "g"]], "image_url": "/media/uploads/public/42/179/370179-27910-product_list.jpg", "unit_price_raw": "kr 61,23 per kg", "product_url": "https://kolonial.no/produkter/25296-rema-1000-svisker-prima/", "kolonial_id": "25296"},
  {"category": "Gr\u00f8nnsaker", "category_list": ["Alle varer", "Frukt og gr\u00f8nt", "Gr\u00f8nnsaker"], "title": "Spisspaprika R\u00f8d", "price": 18.0, "product_variant": "2 stk, Holland, 230 g", "quantity_info": [[2.0, "stkHolland"], [230.0, "g"]], "image_url": "/media/uploads/public/222/119/374119-ac7b6-product_list.jpg", "unit_price_raw": "kr 78,26 per kg", "product_url": "https://kolonial.no/produkter/9320-spisspaprika-rod-2-stk-holland/", "kolonial_id": "9320"},
  {"category": "Gr\u00f8nnsaker", "category_list": ["Alle varer", "Frukt og gr\u00f8nt", "Gr\u00f8nnsaker"], "title": "\u00d8kologisk R\u00f8d Paprika", "price": 15.9, "product_variant": "Holland, 1 stk", "quantity_info": [[1.0, "stk"]], "image_url": "/media/uploads/public/0/41/12041-43e2d-product_list.jpg", "unit_price_raw": "kr 63,60 per kg", "product_url": "https://kolonial.no/produkter/19465-okologisk-rod-paprika-holland/", "kolonial_id": "19465"},
  {"category": "Snus", "category_list": ["Alle varer", "Snus og tobakk", "Snus"], "title": "G3 Volt Super Strong Slim Psws", "price": 105.9, "product_variant": "0,02 kg", "quantity_info": [[0.02, "kg"]], "image_url": "https://kolonial.no/static/products/img/placeholder.bffcea8d3530.png", "unit_price_raw": "kr 5295,00 per kg", "product_url": "https://kolonial.no/produkter/26025-g3-g3-volt-super-strong-slim-psws/", "kolonial_id": "26025"},
  {"category": "Snus", "category_list": ["Alle varer", "Snus og tobakk", "Snus"], "title": "G.3 Super Slim Strong WP", "price": 100.8, "product_variant": "0,02 kg", "quantity_info": [[0.02, "kg"]], "image_url": "https://kolonial.no/static/products/img/placeholder.bffcea8d3530.png", "unit_price_raw": "kr 5040,00 per kg", "product_url": "https://kolonial.no/produkter/24961-g3-g3-super-slim-strong-wp/", "kolonial_id": "24961"},
  {"category": "Syltet\u00f8y", "category_list": ["Alle varer", "P\u00e5legg", "Syltet\u00f8y"], "title": "Tytteb\u00e6rsyltet\u00f8y", "price": 70.9, "product_variant": "1 kg", "quantity_info": [[1.0, "kg"]], "image_url": "/media/uploads/public/200/42/513242-e1a59-product_list.jpg", "unit_price_raw": "kr 70,90 per kg", "product_url": "https://kolonial.no/produkter/26331-lerum-tyttebaersyltetoy/", "kolonial_id": "26331"},
  {"category": "Kj\u00f8tt- og kyllingp\u00e5legg", "category_list": ["Alle varer", "P\u00e5legg", "Kj\u00f8tt- og kyllingp\u00e5legg"], "title": "Kalkun Krydderskinke Skivet", "price": 21.1, "product_variant": "100 g", "quantity_info": [[100.0, "g"]], "image_url": "/media/uploads/public/79/395/694795-45127-product_list.jpg", "unit_price_raw": "kr 211,00 per kg", "product_url": "https://kolonial.no/produkter/3670-prior-kalkun-krydderskinke-skivet/", "kolonial_id": "3670"},
  {"category": "Kj\u00f8tt- og kyllingp\u00e5legg", "category_list": ["Alle varer", "P\u00e5legg", "Kj\u00f8tt- og kyllingp\u00e5legg"], "title": "Kalkunfilet R\u00f8kt Skivet", "price": 28.3, "product_variant": "100 g", "quantity_info": [[100.0, "g"]], "image_url": "/media/uploads/public/245/279/969079-be48b-product_list.jpg", "unit_price_raw": "kr 283,00 per kg", "product_url": "https://kolonial.no/produkter/3664-prior-kalkunfilet-rokt-skivet-100g/", "kolonial_id": "3664"},
  {"category": "Spekemat og salami", "category_list": ["Alle varer", "P\u00e5legg", "Spekemat og salami"], "title": "M\u00f8rp\u00f8lse Oppsk\u00e5ret", "price": 32.6, "product_variant": "150 g", "quantity_info": [[150.0, "g"]], "image_url": "/media/uploads/public/307/199/966599-6b53f-product_list.jpg", "unit_price_raw": "kr 217,33 per kg", "product_url": "https://kolonial.no/produkter/4741-nordfjord-morpolse-oppskaret-150g/", "kolonial_id": "4741"},
  {"category": "Spekemat og salami", "category_list": ["Alle varer", "P\u00e5legg", "Spekemat og salami"], "title": "Stranda R\u00f8dvin Snacks", "price": 33.3, "product_variant": "100 g", "quantity_info": [[100.0, "g"]], "image_url": "/media/uploads/public/390/399/155199-f954f-product_list.jpg", "unit_price_raw": "kr 333,00 per kg", "product_url": "https://kolonial.no/produkter/24999-stranda-stranda-rodvin-snacks/", "kolonial_id": "24999"},
  {"category": "Yoghurt", "category_list": ["Alle varer", "Melk, meieriprodukter og egg", "Yoghurt"], "title": "Yoghurt Melon", "price": 21.1, "product_variant": "4x150g, 600 g", "quantity_info": [[4.0, "x"], [150.0, "g"], [600.0, "g"]], "image_url": "/media/uploads/public/0/384/6784-65b86-product_list.jpg", "unit_price_raw": "kr 35,17 per kg", "product_url": "https://kolonial.no/produkter/8155-tine-yoghurt-melon-4x150g/", "kolonial_id": "8155"},
  {"category": "Te", "category_list": ["Alle varer", "Drikkevarer", "Te"], "title": "Yogi Tea Choco Chili", "price": 54.1, "product_variant": "\u00d8kologisk, 17 stk", "quantity_info": [[17.0, "stk"]], "image_url": "/media/uploads/public/0/191/100591-4fb54-product_list.jpg", "unit_price_raw": "kr 3,18 per stk", "product_url": "https://kolonial.no/produkter/21142-yogi-yogi-tea-choco-chili-okologisk/", "kolonial_id": "21142"},
  {"category": "Te", "category_list": ["Alle varer", "Drikkevarer", "Te"], "title": "Te After Dinner Mints", "price": 42.1, "product_variant": "\u00d8kologisk, 20 stk", "quantity_info": [[20.0, "stk"]], "image_url": "/media/uploads/public/213/313/164713-ac530-product_list.jpg", "unit_price_raw": "kr 2,11 per stk", "product_url": "https://kolonial.no/produkter/24689-clipper-te-after-dinner-mints-okologisk/", "kolonial_id": "24689"},
  {"category": "Kaffe", "category_list": ["Alle varer", "Drikkevarer", "Kaffe"], "title": "Nescaf\u00e9 Cafe Au Chocolat", "price": 31.7, "product_variant": "8stk, 144 g", "quantity_info": [[8.0, "stk"], [144.0, "g"]], "image_url": "/media/uploads/public/204/197/971397-11069-product_list.jpg", "unit_price_raw": "kr 220,14 per kg", "product_url": "https://kolonial.no/produkter/3598-nescafe-nescafe-cafe-au-chocolat-8stk/", "kolonial_id": "3598"},
  {"category": "Kaffe", "category_list": ["Alle varer", "Drikkevarer", "Kaffe"], "title": "Nescaf\u00e9 Latte Macchiato", "price": 31.8, "product_variant": "8 stk, 144 g", "quantity_info": [[8.0, "stk"], [144.0, "g"]], "image_url": "/media/uploads/public/36/11/156411-bad90-product_list.jpg", "unit_price_raw": "kr 220,83 per kg", "product_url": "https://kolonial.no/produkter/25172-nescafe-nescafe-latte-macchiato-8-stk/", "kolonial_id": "25172"},
  {"category": "Juice", "category_list": ["Alle varer", "Drikkevarer", "Juice"], "title": "Tomato Juice", "price": 23.1, "product_variant": "Happy Day, 1 l", "quantity_info": [[1.0, "l"]], "image_url": "/media/uploads/public/353/105/970105-11747-product_list.jpg", "unit_price_raw": "kr 23,10 per l", "product_url": "https://kolonial.no/produkter/20836-tomato-juice-happy-day-1-l/", "kolonial_id": "20836"},
  {"category": "Spesialoster", "category_list": ["Alle varer", "Oster", "Spesialoster"], "title": "Prima Donna Fino", "price": 71.6, "product_variant": "220 g", "quantity_info": [[220.0, "g"]], "image_url": "/media/uploads/public/0/125/64525-4f290-product_list.jpg", "unit_price_raw": "kr 325,45 per kg", "product_url": "https://kolonial.no/produkter/18664-prima-donna-fino/", "kolonial_id": "18664"},
  {"category": "Spesialoster", "category_list": ["Alle varer", "Oster", "Spesialoster"], "title": "Prima Donna Maturo", "price": 78.1, "product_variant": "220 g", "quantity_info": [[220.0, "g"]], "image_url": "/media/uploads/public/0/131/64531-def5d-product_list.jpg", "unit_price_raw": "kr 355,00 per kg", "product_url": "https://kolonial.no/produkter/18658-prima-donna-maturo/", "kolonial_id": "18658"},
  {"category": "Brus", "category_list": ["Alle varer", "Drikkevarer", "Brus"], "title": "Coca-Cola Glassflaske", "price": 22.6, "product_variant": "0,35 l", "quantity_info": [[0.35, "l"]], "image_url": "/media/uploads/public/135/366/970766-b4d7c-product_list.jpg", "unit_price_raw": "kr 64,57 per l", "product_url": "https://kolonial.no/produkter/7927-coca-cola-coca-cola-glassflaske-035l/", "kolonial_id": "7927"},
  {"category": "Brus", "category_list": ["Alle varer", "Drikkevarer", "Brus"], "title": "Coca-Cola Uten Sukker Glassflaske", "price": 23.2, "product_variant": "0,35 l", "quantity_info": [[0.35, "l"]], "image_url": "/media/uploads/public/74/367/970767-66c88-product_list.jpg", "unit_price_raw": "kr 66,29 per l", "product_url": "https://kolonial.no/produkter/7936-coca-cola-coca-cola-uten-sukker-glassflaske/", "kolonial_id": "7936"},
  {"category": "Hjemmelaget pizza", "category_list": ["Alle varer", "Pizza og taco", "Hjemmelaget pizza"], "title": "Pizzafyll med tomat og l\u00f8k", "price": 17.1, "product_variant": "52 g", "quantity_info": [[52.0, "g"]], "image_url": "/media/uploads/public/336/224/965424-4fa3b-product_list.jpg", "unit_price_raw": "kr 328,85 per kg", "product_url": "https://kolonial.no/produkter/730-toro-pizzafyll-med-tomat-og-lok/", "kolonial_id": "730"},
  {"category": "Hjemmelaget pizza", "category_list": ["Alle varer", "Pizza og taco", "Hjemmelaget pizza"], "title": "Peppes R\u00f8mme & Sweet Chili", "price": 30.8, "product_variant": "125 g", "quantity_info": [[125.0, "g"]], "image_url": "/media/uploads/public/227/94/296094-43cad-product_list.jpg", "unit_price_raw": "kr 246,40 per kg", "product_url": "https://kolonial.no/produkter/25171-peppes-pizza-peppes-romme-sweet-chili/", "kolonial_id": "25171"},
  {"category": "Melk", "category_list": ["Alle varer", "Melk, meieriprodukter og egg", "Melk"], "title": "Biola Bl\u00e5b\u00e6rdrikk", "price": 43.5, "product_variant": "Laktosefri, 1 l", "quantity_info": [[1.0, "l"]], "image_url": "/media/uploads/public/285/393/968393-64588-product_list.jpg", "unit_price_raw": "kr 43,50 per l", "product_url": "https://kolonial.no/produkter/12094-tine-biola-blabaerdrikk-laktosefri-1l/", "kolonial_id": "12094"},
  {"category": "Melk", "category_list": ["Alle varer", "Melk, meieriprodukter og egg", "Melk"], "title": "Biola Bringeb\u00e6rdrikk", "price": 29.3, "product_variant": "1 l", "quantity_info": [[1.0, "l"]], "image_url": "/media/uploads/public/72/41/970441-94c08-product_list.jpg", "unit_price_raw": "kr 29,30 per l", "product_url": "https://kolonial.no/produkter/1128-tine-biola-bringebaerdrikk-1l/", "kolonial_id": "1128"},
  {"category": "Krydder", "category_list": ["Alle varer", "Olje og krydder", "Krydder"], "title": "Kapers", "price": 24.8, "product_variant": "100 g", "quantity_info": [[100.0, "g"]], "image_url": "/media/uploads/public/91/8/974008-647e2-product_list.jpg", "unit_price_raw": "kr 248,00 per kg", "product_url": "https://kolonial.no/produkter/6151-toro-kapers-100g/", "kolonial_id": "6151"},
  {"category": "Shampo og h\u00e5rprodukter", "category_list": ["Alle varer", "Shampo, s\u00e5pe og krem", "Shampo og h\u00e5rprodukter"], "title": "Argan Oil H\u00e5rkur", "price": 72.8, "product_variant": "100 ml", "quantity_info": [[100.0, "ml"]], "image_url": "/media/uploads/public/184/52/155252-34e4f-product_list.jpg", "unit_price_raw": "kr 728,00 per l", "product_url": "https://kolonial.no/produkter/25066-define-argan-oil-harkur/", "kolonial_id": "25066"},
  {"category": "Gulost", "category_list": ["Alle varer", "Oster", "Gulost"], "title": "Vegetabilsk Ost med Cheddarsmak, Skivet", "price": 60.7, "product_variant": "Melkefri, 200 g", "quantity_info": [[200.0, "g"]], "image_url": "/media/uploads/public/394/169/729769-14940-product_list.jpg", "unit_price_raw": "kr 303,50 per kg", "product_url": "https://kolonial.no/produkter/25744-violife-vegetabilsk-ost-med-cheddarsmak-skivet-mel/", "kolonial_id": "25744"},
  {"category": "Tannpleie", "category_list": ["Alle varer", "Hygieneartikler", "Tannpleie"], "title": "Zendium Sensitive Whitener", "price": 37.1, "product_variant": "75 ml", "quantity_info": [[75.0, "ml"]], "image_url": "/media/uploads/public/0/0/815600-5a99e-product_list.jpg", "unit_price_raw": "kr 494,67 per l", "product_url": "https://kolonial.no/produkter/27802-zendium-zendium-sensitive-whitener/", "kolonial_id": "27802"},
  {"category": "Vaskemidler", "category_list": ["Alle varer", "T\u00f8rkepapir og vaskemidler", "Vaskemidler"], "title": "One Touch Lemon Refresh", "price": 23.5, "product_variant": "1 stk", "quantity_info": [[1.0, "stk"]], "image_url": "/media/uploads/public/213/328/1007928-80df0-product_list.jpg", "unit_price_raw": "kr 23,50 per stk", "product_url": "https://kolonial.no/produkter/15705-glade-one-touch-lemon-refresh/", "kolonial_id": "15705"},
  {"category": "Baketilbeh\u00f8r", "category_list": ["Alle varer", "Mel og bakeingredienser", "Baketilbeh\u00f8r"], "title": "Kul\u00f8rt Marengs", "price": 25.9, "product_variant": "120 g", "quantity_info": [[120.0, "g"]], "image_url": "/media/uploads/public/150/303/972303-32c24-product_list.jpg", "unit_price_raw": "kr 215,83 per kg", "product_url": "https://kolonial.no/produkter/19384-kulort-marengs/", "kolonial_id": "19384"},
  {"category": "Klesvask", "category_list": ["Alle varer", "T\u00f8rkepapir og vaskemidler", "Klesvask"], "title": "Biotex H\u00e5ndvask", "price": 35.9, "product_variant": "549 g", "quantity_info": [[549.0, "g"]], "image_url": "/media/uploads/public/383/184/969784-8b5d0-product_list.jpg", "unit_price_raw": "kr 3,99 per vask", "product_url": "https://kolonial.no/produkter/19234-biotex-biotex-handvask/", "kolonial_id": "19234"},
  {"category": "Klesvask", "category_list": ["Alle varer", "T\u00f8rkepapir og vaskemidler", "Klesvask"], "title": "Stiff Stivelse Spray", "price": 43.9, "product_variant": "400 ml", "quantity_info": [[400.0, "ml"]], "image_url": "/media/uploads/public/89/16/968416-910c4-product_list.jpg", "unit_price_raw": "kr 109,75 per l", "product_url": "https://kolonial.no/produkter/15744-stiff-stivelse-spray/", "kolonial_id": "15744"},
  {"category": "Oljer og dressinger", "category_list": ["Alle varer", "Olje og krydder", "Oljer og dressinger"], "title": "Hamburgerdressing", "price": 25.0, "product_variant": "450 g", "quantity_info": [[450.0, "g"]], "image_url": "/media/uploads/public/358/43/965243-a1f13-product_list.jpg", "unit_price_raw": "kr 55,56 per kg", "product_url": "https://kolonial.no/produkter/595-idun-hamburgerdressing-470g/", "kolonial_id": "595"},
  {"category": "Oljer og dressinger", "category_list": ["Alle varer", "Olje og krydder", "Oljer og dressinger"], "title": "Thousand Island Maks 3% Fett", "price": 30.4, "product_variant": "465 g", "quantity_info": [[465.0, "g"]], "image_url": "/media/uploads/public/344/46/965246-d088b-product_list.jpg", "unit_price_raw": "kr 65,38 per kg", "product_url": "https://kolonial.no/produkter/6574-idun-thousand-island-maks-3-fett-470g/", "kolonial_id": "6574"},
  {"category": "Frokostblandinger og gryn", "category_list": ["Alle varer", "Br\u00f8d og frokostblandinger", "Frokostblandinger og gryn"], "title": "Super Good Grains & Fruit", "price": 49.9, "product_variant": "Granola, 400 g", "quantity_info": [[400.0, "g"]], "image_url": "/media/uploads/public/111/24/984424-8a93e-product_list.jpg", "unit_price_raw": "kr 124,75 per kg", "product_url": "https://kolonial.no/produkter/27967-quaker-super-good-grains-fruit-granola/", "kolonial_id": "27967"},
  {"category": "Frosne br\u00f8d og rundstykker", "category_list": ["Alle varer", "Br\u00f8d og frokostblandinger", "Frosne br\u00f8d og rundstykker"], "title": "Chia Br\u00f8d", "price": 50.9, "product_variant": "Sk\u00e5ret, Glutenfri, Fryst, 500 g", "quantity_info": [[500.0, "g"]], "image_url": "/media/uploads/public/347/212/650612-c1282-product_list.jpg", "unit_price_raw": "kr 101,80 per kg", "product_url": "https://kolonial.no/produkter/27064-chia-brod-skaret-glutenfri-fryst/", "kolonial_id": "27064"},
  {"category": "Knekkebr\u00f8d", "category_list": ["Alle varer", "Br\u00f8d og frokostblandinger", "Knekkebr\u00f8d"], "title": "Korni Flatbr\u00f8d", "price": 23.1, "product_variant": "275 g", "quantity_info": [[275.0, "g"]], "image_url": "/media/uploads/public/66/109/965709-d9b88-product_list.jpg", "unit_price_raw": "kr 84,00 per kg", "product_url": "https://kolonial.no/produkter/5941-kavli-korni-flatbrod/", "kolonial_id": "5941"},
  {"category": "Langtidsholdbare br\u00f8d", "category_list": ["Alle varer", "Br\u00f8d og frokostblandinger", "Langtidsholdbare br\u00f8d"], "title": "Uten Fiberbaguette", "price": 27.7, "product_variant": "Glutenfri, \u00d8kologisk, 150 g", "quantity_info": [[150.0, "g"]], "image_url": "/media/uploads/public/61/182/370182-d1f9b-product_list.jpg", "unit_price_raw": "kr 184,67 per kg", "product_url": "https://kolonial.no/produkter/25129-rema-1000-uten-fiberbaguette-glutenfri-okologisk/", "kolonial_id": "25129"},
  {"category": "Langtidsholdbare br\u00f8d", "category_list": ["Alle varer", "Br\u00f8d og frokostblandinger", "Langtidsholdbare br\u00f8d"], "title": "Uten Maisbr\u00f8d Glutenfri", "price": 32.7, "product_variant": "\u00d8kologisk, 250 g", "quantity_info": [[250.0, "g"]], "image_url": "/media/uploads/public/142/138/972138-26b35-product_list.jpg", "unit_price_raw": "kr 130,80 per kg", "product_url": "https://kolonial.no/produkter/25128-rema-1000-uten-maisbrod-glutenfri-okologisk/", "kolonial_id": "25128"},
  {"category": "Pasta og nudler", "category_list": ["Alle varer", "Middager og tilbeh\u00f8r", "Pasta og nudler"], "title": "Pasta Di Parma", "price": 26.6, "product_variant": "Rett i Koppen, 61 g", "quantity_info": [[61.0, "g"]], "image_url": "/media/uploads/public/367/142/186142-cc4fa-product_list.jpg", "unit_price_raw": "kr 436,07 per kg", "product_url": "https://kolonial.no/produkter/6313-toro-pasta-di-parma-rett-i-koppen/", "kolonial_id": "6313"},
  {"category": "Hermetisert frukt og gr\u00f8nt", "category_list": ["Alle varer", "Frukt og gr\u00f8nt", "Hermetisert frukt og gr\u00f8nt"], "title": "Erter Gr\u00f8nne", "price": 22.9, "product_variant": "280 g", "quantity_info": [[280.0, "g"]], "image_url": "/media/uploads/public/327/283/965883-5be9f-product_list.jpg", "unit_price_raw": "kr 81,79 per kg", "product_url": "https://kolonial.no/produkter/1417-go-green-erter-gronne-280g/", "kolonial_id": "1417"},
  {"category": "Hermetisert frukt og gr\u00f8nt", "category_list": ["Alle varer", "Frukt og gr\u00f8nt", "Hermetisert frukt og gr\u00f8nt"], "title": "Gourmetmais", "price": 13.9, "product_variant": "\u00d8kologisk, 280 g", "quantity_info": [[280.0, "g"]], "image_url": "/media/uploads/public/145/284/965884-e93ad-product_list.jpg", "unit_price_raw": "kr 49,64 per kg", "product_url": "https://kolonial.no/produkter/5626-go-green-gourmetmais-okologisk/", "kolonial_id": "5626"},
  {"category": "Ferdige middagsretter", "category_list": ["Alle varer", "Middager og tilbeh\u00f8r", "Ferdige middagsretter"], "title": "Fiskegrateng", "price": 82.6, "product_variant": "1 kg", "quantity_info": [[1.0, "kg"]], "image_url": "/media/uploads/public/357/351/619151-9f320-product_list.jpg", "unit_price_raw": "kr 82,60 per kg", "product_url": "https://kolonial.no/produkter/26630-rema-1000-fiskegrateng/", "kolonial_id": "26630"},
  {"category": "Ferdigsauser", "category_list": ["Alle varer", "Middager og tilbeh\u00f8r", "Ferdigsauser"], "title": "HP Sauce", "price": 39.0, "product_variant": "Original, 255 ml", "quantity_info": [[255.0, "ml"]], "image_url": "/media/uploads/public/0/182/982-76e54-product_list.jpg", "unit_price_raw": "kr 152,94 per l", "product_url": "https://kolonial.no/produkter/1172-heinz-hp-sauce-original-255ml/", "kolonial_id": "1172"},
  {"category": "P\u00f8lser", "category_list": ["Alle varer", "Kj\u00f8tt og kylling", "P\u00f8lser"], "title": "Soyap\u00f8lse Vegetar", "price": 56.9, "product_variant": "8 stk, 300 g", "quantity_info": [[8.0, "stk"], [300.0, "g"]], "image_url": "/media/uploads/public/273/245/967045-b17e4-product_list.jpg", "unit_price_raw": "kr 189,67 per kg", "product_url": "https://kolonial.no/produkter/13426-halsans-kok-soyapolse-vegetar-8-stk/", "kolonial_id": "13426"},
  {"category": "Gr\u00f8nnsaker", "category_list": ["Alle varer", "Frukt og gr\u00f8nt", "Gr\u00f8nnsaker"], "title": "Paprika R\u00f8d", "price": 26.9, "product_variant": "Holland, 2 stk", "quantity_info": [[2.0, "stk"]], "image_url": "/media/uploads/public/122/76/713676-c4c3f-product_list.jpg", "unit_price_raw": "kr 53,80 per kg", "product_url": "https://kolonial.no/produkter/27626-paprika-rod-holland/", "kolonial_id": "27626"},
  {"category": "Gr\u00f8nnsaker", "category_list": ["Alle varer", "Frukt og gr\u00f8nt", "Gr\u00f8nnsaker"], "title": "Paprika 3 pk Gul, Gr\u00f8nn & R\u00f8d", "price": 40.5, "product_variant": "Holland, 400 g", "quantity_info": [[400.0, "g"]], "image_url": "/media/uploads/public/0/18/94018-8d88d-product_list.jpg", "unit_price_raw": "kr 101,25 per kg", "product_url": "https://kolonial.no/produkter/19699-paprika-3-pk-gul-gronn-rod-holland/", "kolonial_id": "19699"},
  {"category": "Smoothie, yoghurt og mellomm\u00e5ltid", "category_list": ["Alle varer", "Barneprodukter", "Smoothie, yoghurt og mellomm\u00e5ltid"], "title": "Fruktdrikk Eple", "price": 26.7, "product_variant": "Fra 12 mnd, 3 x 300ml, 600 ml", "quantity_info": [[12.0, "mnd"], [3.0, "x"], [300.0, "ml"], [600.0, "ml"]], "image_url": "/media/uploads/public/188/275/140275-aa076-product_list.jpg", "unit_price_raw": "kr 44,50 per l", "product_url": "https://kolonial.no/produkter/23987-hipp-fruktdrikk-eple-fra-12-mnd-3-x-300ml/", "kolonial_id": "23987"},
  {"category": "Snus", "category_list": ["Alle varer", "Snus og tobakk", "Snus"], "title": "Omni Peppermint All White Mini", "price": 83.3, "product_variant": "1 stk", "quantity_info": [[1.0, "stk"]], "image_url": "https://kolonial.no/static/products/img/placeholder.bffcea8d3530.png", "unit_price_raw": "kr 83,30 per stk", "product_url": "https://kolonial.no/produkter/24965-omni-peppermint-all-white-mini/", "kolonial_id": "24965"},
  {"category": "Snus", "category_list": ["Alle varer", "Snus og tobakk", "Snus"], "title": "Skruf Bj\u00f8rneb\u00e6r #2", "price": 96.6, "product_variant": "White Slim, 0,02 kg", "quantity_info": [[0.02, "kg"]], "image_url": "https://kolonial.no/static/products/img/placeholder.bffcea8d3530.png", "unit_price_raw": "kr 4830,00 per kg", "product_url": "https://kolonial.no/produkter/25549-skruf-skruf-bjornebaer-2-white-slim/", "kolonial_id": "25549"},
  {"category": "Syltet\u00f8y", "category_list": ["Alle varer", "P\u00e5legg", "Syltet\u00f8y"], "title": "Jordb\u00e6rsyltet\u00f8y", "price": 58.9, "product_variant": "1 kg", "quantity_info": [[1.0, "kg"]], "image_url": "/media/uploads/public/28/43/513243-ff378-product_list.jpg", "unit_price_raw": "kr 58,90 per kg", "product_url": "https://kolonial.no/produkter/26330-lerum-jordbaersyltetoy/", "kolonial_id": "26330"},
  {"category": "Syltet\u00f8y", "category_list": ["Alle varer", "P\u00e5legg", "Syltet\u00f8y"], "title": "Bringeb\u00e6rsyltet\u00f8y", "price": 58.9, "product_variant": "1 kg", "quantity_info": [[1.0, "kg"]], "image_url": "/media/uploads/public/299/44/513244-ae627-product_list.jpg", "unit_price_raw": "kr 58,90 per kg", "product_url": "https://kolonial.no/produkter/26329-lerum-bringebaersyltetoy/", "kolonial_id": "26329"},
  {"category": "Kj\u00f8tt- og kyllingp\u00e5legg", "category_list": ["Alle varer", "P\u00e5legg", "Kj\u00f8tt- og kyllingp\u00e5legg"], "title": "Kyllingfilet Basilikum", "price": 23.2, "product_variant": "80 g", "quantity_info": [[80.0, "g"]], "image_url": "/media/uploads/public/341/155/186155-42dfe-product_list.jpg", "unit_price_raw": "kr 290,00 per kg", "product_url": "https://kolonial.no/produkter/18076-solvinge-kyllingfilet-basilikum/", "kolonial_id": "18076"},
  {"category": "Kj\u00f8tt- og kyllingp\u00e5legg", "category_list": ["Alle varer", "P\u00e5legg", "Kj\u00f8tt- og kyllingp\u00e5legg"], "title": "Kyllingfilet R\u00f8kt B\u00f8keflis", "price": 22.7, "product_variant": "80 g", "quantity_info": [[80.0, "g"]], "image_url": "/media/uploads/public/235/280/971880-5a8aa-product_list.jpg", "unit_price_raw": "kr 283,75 per kg", "product_url": "https://kolonial.no/produkter/18079-solvinge-kyllingfilet-rokt-bokeflis/", "kolonial_id": "18079"},
  {"category": "Spekemat og salami", "category_list": ["Alle varer", "P\u00e5legg", "Spekemat og salami"], "title": "Strandam\u00f8r Snacks", "price": 33.0, "product_variant": "120 g", "quantity_info": [[120.0, "g"]], "image_url": "/media/uploads/public/282/245/977045-5fe57-product_list.jpg", "unit_price_raw": "kr 275,00 per kg", "product_url": "https://kolonial.no/produkter/4618-stranda-strandamor-snacks-120g/", "kolonial_id": "4618"},
  {"category": "Spekemat og salami", "category_list": ["Alle varer", "P\u00e5legg", "Spekemat og salami"], "title": "Sognemorr", "price": 33.6, "product_variant": "Skivet, 130 g", "quantity_info": [[130.0, "g"]], "image_url": "/media/uploads/public/0/201/10601-3be40-product_list.jpg", "unit_price_raw": "kr 258,46 per kg", "product_url": "https://kolonial.no/produkter/2602-gilde-sognemorr-skivet/", "kolonial_id": "2602"},
  {"category": "Yoghurt", "category_list": ["Alle varer", "Melk, meieriprodukter og egg", "Yoghurt"], "title": "Yoghurt Laktosefri", "price": 25.1, "product_variant": "Bl\u00e5b\u00e6r og Vanilje, 4x125g, 500 g", "quantity_info": [[4.0, "x"], [125.0, "g"], [500.0, "g"]], "image_url": "/media/uploads/public/0/304/19504-ff6e7-product_list.jpg", "unit_price_raw": "kr 50,20 per kg", "product_url": "https://kolonial.no/produkter/12082-tine-yoghurt-laktosefri-blabaer-og-vanilje-4x125g/", "kolonial_id": "12082"},
  {"category": "Yoghurt", "category_list": ["Alle varer", "Melk, meieriprodukter og egg", "Yoghurt"], "title": "Yoplait Safari Apeyoghurt", "price": 43.9, "product_variant": "8x125g, 1 kg", "quantity_info": [[8.0, "x"], [125.0, "g"], [1.0, "kg"]], "image_url": "/media/uploads/public/0/39/94039-f0175-product_list.jpg", "unit_price_raw": "kr 43,90 per kg", "product_url": "https://kolonial.no/produkter/21562-yoplait-yoplait-safari-apeyoghurt-8x125g/", "kolonial_id": "21562"},
  {"category": "Te", "category_list": ["Alle varer", "Drikkevarer", "Te"], "title": "Te Green Tea", "price": 42.1, "product_variant": "\u00d8kologisk, 26 stk", "quantity_info": [[26.0, "stk"]], "image_url": "/media/uploads/public/1/331/164731-4a197-product_list.jpg", "unit_price_raw": "kr 1,62 per stk", "product_url": "https://kolonial.no/produkter/24694-clipper-te-green-tea-okologisk/", "kolonial_id": "24694"},
  {"category": "Te", "category_list": ["Alle varer", "Drikkevarer", "Te"], "title": "Te Happy Mondays", "price": 42.1, "product_variant": "\u00d8kologisk, 20 stk", "quantity_info": [[20.0, "stk"]], "image_url": "/media/uploads/public/189/334/164734-ba7ec-product_list.jpg", "unit_price_raw": "kr 2,11 per stk", "product_url": "https://kolonial.no/produkter/24696-clipper-te-happy-mondays-okologisk/", "kolonial_id": "24696"},
  {"category": "Kaffe", "category_list": ["Alle varer", "Drikkevarer", "Kaffe"], "title": "Nescaf\u00e9 Cafe Vanilla", "price": 31.1, "product_variant": "8 stk, 148 g", "quantity_info": [[8.0, "stk"], [148.0, "g"]], "image_url": "/media/uploads/public/310/10/156410-2f893-product_list.jpg", "unit_price_raw": "kr 210,14 per kg", "product_url": "https://kolonial.no/produkter/25170-nescafe-nescafe-cafe-vanilla-8-stk/", "kolonial_id": "25170"},
  {"category": "Kaffe", "category_list": ["Alle varer", "Drikkevarer", "Kaffe"], "title": "Nescaf\u00e9 Gull", "price": 153.8, "product_variant": "Smartpack, 300 g", "quantity_info": [[300.0, "g"]], "image_url": "/media/uploads/public/50/310/1001510-b05d9-product_list.jpg", "unit_price_raw": "kr 512,67 per kg", "product_url": "https://kolonial.no/produkter/11272-nescafe-nescafe-gull-smartpack/", "kolonial_id": "11272"},
  {"category": "Juice", "category_list": ["Alle varer", "Drikkevarer", "Juice"], "title": "Montauk Cranberry", "price": 46.9, "product_variant": "Traneb\u00e6rjuice, 1 l", "quantity_info": [[1.0, "l"]], "image_url": "/media/uploads/public/3/50/970850-ffb7f-product_list.jpg", "unit_price_raw": "kr 46,90 per l", "product_url": "https://kolonial.no/produkter/23125-montauk-cranberry-tranebaerjuice/", "kolonial_id": "23125"},
  {"category": "Spesialoster", "category_list": ["Alle varer", "Oster", "Spesialoster"], "title": "Rambol Valn\u00f8tt", "price": 73.5, "product_variant": "125 g", "quantity_info": [[125.0, "g"]], "image_url": "/media/uploads/public/0/134/64534-c1a03-product_list.jpg", "unit_price_raw": "kr 588,00 per kg", "product_url": "https://kolonial.no/produkter/18652-rambol-valnott/", "kolonial_id": "18652"},
  {"category": "Spesialoster", "category_list": ["Alle varer", "Oster", "Spesialoster"], "title": "Saint Agur", "price": 82.5, "product_variant": "125 g", "quantity_info": [[125.0, "g"]], "image_url": "/media/uploads/public/122/219/969819-578a1-product_list.jpg", "unit_price_raw": "kr 660,00 per kg", "product_url": "https://kolonial.no/produkter/18646-saint-agur/", "kolonial_id": "18646"},
  {"category": "Brus", "category_list": ["Alle varer", "Drikkevarer", "Brus"], "title": "Champ", "price": 17.8, "product_variant": "0,45 l", "quantity_info": [[0.45, "l"]], "image_url": "/media/uploads/public/348/200/971000-d7aa4-product_list.jpg", "unit_price_raw": "kr 39,56 per l", "product_url": "https://kolonial.no/produkter/23258-grans-bryggeri-champ/", "kolonial_id": "23258"},
  {"category": "Brus", "category_list": ["Alle varer", "Drikkevarer", "Brus"], "title": "Pepsi Max", "price": 26.5, "product_variant": "0,5 l", "quantity_info": [[0.5, "l"]], "image_url": "/media/uploads/public/0/391/20791-4b070-product_list.jpg", "unit_price_raw": "kr 53,00 per l", "product_url": "https://kolonial.no/produkter/481-pepsico-pepsi-max-0-5l/", "kolonial_id": "481"},
  {"category": "Hjemmelaget pizza", "category_list": ["Alle varer", "Pizza og taco", "Hjemmelaget pizza"], "title": "Pizza Topping", "price": 32.8, "product_variant": "280 g", "quantity_info": [[280.0, "g"]], "image_url": "/media/uploads/public/285/94/970094-b5221-product_list.jpg", "unit_price_raw": "kr 117,14 per kg", "product_url": "https://kolonial.no/produkter/20869-santa-maria-pizza-topping/", "kolonial_id": "20869"},
  {"category": "Hjemmelaget pizza", "category_list": ["Alle varer", "Pizza og taco", "Hjemmelaget pizza"], "title": "Pizzadressing", "price": 22.6, "product_variant": "380 g", "quantity_info": [[380.0, "g"]], "image_url": "/media/uploads/public/123/364/1013564-ea347-product_list.jpg", "unit_price_raw": "kr 59,47 per kg", "product_url": "https://kolonial.no/produkter/16041-salatmestern-pizzadressing/", "kolonial_id": "16041"},
  {"category": "Melk", "category_list": ["Alle varer", "Melk, meieriprodukter og egg", "Melk"], "title": "Biola Syrnet", "price": 28.8, "product_variant": "Lettmelk, 1 l", "quantity_info": [[1.0, "l"]], "image_url": "/media/uploads/public/272/399/968399-c977c-product_list.jpg", "unit_price_raw": "kr 28,80 per l", "product_url": "https://kolonial.no/produkter/12190-tine-biola-syrnet-lettmelk-1l/", "kolonial_id": "12190"},
  {"category": "Melk", "category_list": ["Alle varer", "Melk, meieriprodukter og egg", "Melk"], "title": "Biola Mango Zero", "price": 41.9, "product_variant": "1 l", "quantity_info": [[1.0, "l"]], "image_url": "/media/uploads/public/338/64/970464-73705-product_list.jpg", "unit_price_raw": "kr 41,90 per l", "product_url": "https://kolonial.no/produkter/21595-tine-biola-mango-zero/", "kolonial_id": "21595"},
  {"category": "Krydder", "category_list": ["Alle varer", "Olje og krydder", "Krydder"], "title": "Laurb\u00e6rblad", "price": 7.9, "product_variant": "Hel, 2 g", "quantity_info": [[2.0, "g"]], "image_url": "/media/uploads/public/88/359/965559-98e4e-product_list.jpg", "unit_price_raw": "kr 3950,00 per kg", "product_url": "https://kolonial.no/produkter/6238-toro-laurbaerblad-hel-2g/", "kolonial_id": "6238"},
  {"category": "Shampo og h\u00e5rprodukter", "category_list": ["Alle varer", "Shampo, s\u00e5pe og krem", "Shampo og h\u00e5rprodukter"], "title": "Hair Mask", "price": 62.7, "product_variant": "150 ml", "quantity_info": [[150.0, "ml"]], "image_url": "/media/uploads/public/170/67/145267-3acdf-product_list.jpg", "unit_price_raw": "kr 418,00 per l", "product_url": "https://kolonial.no/produkter/24404-fab-hair-hair-mask/", "kolonial_id": "24404"},
  {"category": "Shampo og h\u00e5rprodukter", "category_list": ["Alle varer", "Shampo, s\u00e5pe og krem", "Shampo og h\u00e5rprodukter"], "title": "Dry Shampoo", "price": 78.2, "product_variant": "200 ml", "quantity_info": [[200.0, "ml"]], "image_url": "/media/uploads/public/141/356/996356-b1126-product_list.jpg", "unit_price_raw": "kr 391,00 per l", "product_url": "https://kolonial.no/produkter/1130-define-dry-shampoo/", "kolonial_id": "1130"},
  {"category": "Gulost", "category_list": ["Alle varer", "Oster", "Gulost"], "title": "Vegetabilsk Ost med Parmesansmak", "price": 67.9, "product_variant": "Melkefri, 150 g", "quantity_info": [[150.0, "g"]], "image_url": "/media/uploads/public/58/170/729770-3eb82-product_list.jpg", "unit_price_raw": "kr 452,67 per kg", "product_url": "https://kolonial.no/produkter/25745-violife-vegetabilsk-ost-med-parmesansmak-melkefri/", "kolonial_id": "25745"},
  {"category": "Gulost", "category_list": ["Alle varer", "Oster", "Gulost"], "title": "Synn\u00f8ve Go'vegan", "price": 74.9, "product_variant": "400 g", "quantity_info": [[400.0, "g"]], "image_url": "/media/uploads/public/378/244/1011844-dd09f-product_list.jpg", "unit_price_raw": "kr 187,25 per kg", "product_url": "https://kolonial.no/produkter/28068-synnove-go-vegan-400g-04-kg/", "kolonial_id": "28068"},
  {"category": "Tannpleie", "category_list": ["Alle varer", "Hygieneartikler", "Tannpleie"], "title": "White Now Glossy Chic", "price": 35.9, "product_variant": "75 ml", "quantity_info": [[75.0, "ml"]], "image_url": "/media/uploads/public/267/65/373265-597df-product_list.jpg", "unit_price_raw": "kr 478,67 per l", "product_url": "https://kolonial.no/produkter/26048-pepsodent-tk-white-now-glossy-75ml-0-08-l/", "kolonial_id": "26048"},
  {"category": "Vaskemidler", "category_list": ["Alle varer", "T\u00f8rkepapir og vaskemidler", "Vaskemidler"], "title": "Nylonvask Vaskemiddel", "price": 34.0, "product_variant": "Universalvaskekrem, 100 g", "quantity_info": [[100.0, "g"]], "image_url": "/media/uploads/public/65/17/970817-7a580-product_list.jpg", "unit_price_raw": "kr 340,00 per kg", "product_url": "https://kolonial.no/produkter/22432-nylonvask-vaskemiddel-universalvaskekrem/", "kolonial_id": "22432"},
  {"category": "Baketilbeh\u00f8r", "category_list": ["Alle varer", "Mel og bakeingredienser", "Baketilbeh\u00f8r"], "title": "Sukat", "price": 21.5, "product_variant": "100 g", "quantity_info": [[100.0, "g"]], "image_url": "/media/uploads/public/382/397/134797-e7d21-product_list.jpg", "unit_price_raw": "kr 215,00 per kg", "product_url": "https://kolonial.no/produkter/23767-dr-oetker-sukat/", "kolonial_id": "23767"},
  {"category": "Klesvask", "category_list": ["Alle varer", "T\u00f8rkepapir og vaskemidler", "Klesvask"], "title": "Flekkspray", "price": 49.4, "product_variant": "500 ml", "quantity_info": [[500.0, "ml"]], "image_url": "/media/uploads/public/347/150/262550-441fa-product_list.jpg", "unit_price_raw": "kr 98,80 per l", "product_url": "https://kolonial.no/produkter/25542-biotex-flekkspray/", "kolonial_id": "25542"},
  {"category": "Frosne br\u00f8d og rundstykker", "category_list": ["Alle varer", "Br\u00f8d og frokostblandinger", "Frosne br\u00f8d og rundstykker"], "title": "Spire Br\u00f8d", "price": 50.9, "product_variant": "Sk\u00e5ret, Glutenfri, Fryst, 500 g", "quantity_info": [[500.0, "g"]], "image_url": "/media/uploads/public/31/301/973101-e7165-product_list.jpg", "unit_price_raw": "kr 101,80 per kg", "product_url": "https://kolonial.no/produkter/27063-spire-brod-skaret-glutenfri/", "kolonial_id": "27063"},
  {"category": "Knekkebr\u00f8d", "category_list": ["Alle varer", "Br\u00f8d og frokostblandinger", "Knekkebr\u00f8d"], "title": "Flatbr\u00f8d", "price": 33.1, "product_variant": "Mors Hjemmebakte, 520 g", "quantity_info": [[520.0, "g"]], "image_url": "/media/uploads/public/128/66/965266-86dd1-product_list.jpg", "unit_price_raw": "kr 63,65 per kg", "product_url": "https://kolonial.no/produkter/1723-stabburet-flatbrod-mors-hjemmebakte-520g/", "kolonial_id": "1723"},
  {"category": "Langtidsholdbare br\u00f8d", "category_list": ["Alle varer", "Br\u00f8d og frokostblandinger", "Langtidsholdbare br\u00f8d"], "title": "Uten Solsikkebr\u00f8d Glutenfri", "price": 31.7, "product_variant": "\u00d8kologisk, 250 g", "quantity_info": [[250.0, "g"]], "image_url": "/media/uploads/public/0/136/972136-c0928-product_list.jpg", "unit_price_raw": "kr 126,80 per kg", "product_url": "https://kolonial.no/produkter/25130-rema-1000-uten-solsikkebrod-glutenfri-okologisk/", "kolonial_id": "25130"},
  {"category": "Pasta og nudler", "category_list": ["Alle varer", "Middager og tilbeh\u00f8r", "Pasta og nudler"], "title": "Nudler med Kyllingsmak", "price": 28.2, "product_variant": "5stk x 85g, 425 g", "quantity_info": [[5.0, "stkx"], [85.0, "g"], [425.0, "g"]], "image_url": "/media/uploads/public/319/74/974074-b29ce-product_list.jpg", "unit_price_raw": "kr 66,35 per kg", "product_url": "https://kolonial.no/produkter/15199-rema-1000-nudler-med-kyllingsmak-5stk-x-85g/", "kolonial_id": "15199"},
  {"category": "Hermetisert frukt og gr\u00f8nt", "category_list": ["Alle varer", "Frukt og gr\u00f8nt", "Hermetisert frukt og gr\u00f8nt"], "title": "Gr\u00f8nne Linser", "price": 10.1, "product_variant": "0,29 kg", "quantity_info": [[0.29, "kg"]], "image_url": "/media/uploads/public/398/286/965886-3f3fd-product_list.jpg", "unit_price_raw": "kr 34,83 per kg", "product_url": "https://kolonial.no/produkter/12955-go-green-gronne-linser-285g/", "kolonial_id": "12955"},
  {"category": "Hermetisert frukt og gr\u00f8nt", "category_list": ["Alle varer", "Frukt og gr\u00f8nt", "Hermetisert frukt og gr\u00f8nt"], "title": "Kalamata-Oliven Uten Sten", "price": 49.6, "product_variant": "370 g", "quantity_info": [[370.0, "g"]], "image_url": "/media/uploads/public/0/92/13292-cf367-product_list.jpg", "unit_price_raw": "kr 134,05 per kg", "product_url": "https://kolonial.no/produkter/9902-iliada-kalamata-oliven-uten-sten-370g/", "kolonial_id": "9902"},
  {"category": "Ferdige middagsretter", "category_list": ["Alle varer", "Middager og tilbeh\u00f8r", "Ferdige middagsretter"], "title": "Lys Lapskaus", "price": 59.0, "product_variant": "1 kg", "quantity_info": [[1.0, "kg"]], "image_url": "/media/uploads/public/265/350/619150-26d92-product_list.jpg", "unit_price_raw": "kr 59,00 per kg", "product_url": "https://kolonial.no/produkter/26631-rema-1000-lys-lapskaus/", "kolonial_id": "26631"},
  {"category": "Ferdige middagsretter", "category_list": ["Alle varer", "Middager og tilbeh\u00f8r", "Ferdige middagsretter"], "title": "Lapskaus Brun", "price": 45.5, "product_variant": "800 g", "quantity_info": [[800.0, "g"]], "image_url": "/media/uploads/public/260/164/965364-7042e-product_list.jpg", "unit_price_raw": "kr 56,88 per kg", "product_url": "https://kolonial.no/produkter/6493-trondhjems-lapskaus-brun-800g/", "kolonial_id": "6493"},
  {"category": "Ferdigsauser", "category_list": ["Alle varer", "Middager og tilbeh\u00f8r", "Ferdigsauser"], "title": "Oyster Spring Onion", "price": 19.3, "product_variant": "120 g", "quantity_info": [[120.0, "g"]], "image_url": "/media/uploads/public/364/331/968331-c1a45-product_list.jpg", "unit_price_raw": "kr 160,83 per kg", "product_url": "https://kolonial.no/produkter/10960-blue-dragon-oyster-spring-onion-120g/", "kolonial_id": "10960"},
  {"category": "P\u00f8lser", "category_list": ["Alle varer", "Kj\u00f8tt og kylling", "P\u00f8lser"], "title": "Telep\u00f8lse", "price": 37.0, "product_variant": "250 g", "quantity_info": [[250.0, "g"]], "image_url": "/media/uploads/public/257/46/373246-e3c23-product_list.jpg", "unit_price_raw": "kr 148,00 per kg", "product_url": "https://kolonial.no/produkter/25994-gilde-telepolse/", "kolonial_id": "25994"},
  {"category": "Gr\u00f8nnsaker", "category_list": ["Alle varer", "Frukt og gr\u00f8nt", "Gr\u00f8nnsaker"], "title": "Chilipepper R\u00f8d", "price": 20.9, "product_variant": "Holland, 50 g", "quantity_info": [[50.0, "g"]], "image_url": "/media/uploads/public/385/144/152144-3bf9c-product_list.jpg", "unit_price_raw": "kr 418,00 per kg", "product_url": "https://kolonial.no/produkter/9296-chilipepper-rod-holland/", "kolonial_id": "9296"},
  {"category": "Gr\u00f8nnsaker", "category_list": ["Alle varer", "Frukt og gr\u00f8nt", "Gr\u00f8nnsaker"], "title": "Chilipepper Gr\u00f8nn", "price": 20.9, "product_variant": "Holland, 50 g", "quantity_info": [[50.0, "g"]], "image_url": "/media/uploads/public/376/143/152143-b9d47-product_list.jpg", "unit_price_raw": "kr 418,00 per kg", "product_url": "https://kolonial.no/produkter/24536-chilipepper-gronn-holland/", "kolonial_id": "24536"},
  {"category": "Smoothie, yoghurt og mellomm\u00e5ltid", "category_list": ["Alle varer", "Barneprodukter", "Smoothie, yoghurt og mellomm\u00e5ltid"], "title": "Fruktdrikk P\u00e6re Eple", "price": 25.1, "product_variant": "Fra 10 mnd, 3pk, 600 ml", "quantity_info": [[10.0, "mnd"], [3.0, "pk"], [600.0, "ml"]], "image_url": "/media/uploads/public/0/3/16003-2e980-product_list.jpg", "unit_price_raw": "kr 41,83 per l", "product_url": "https://kolonial.no/produkter/11224-nestle-fruktdrikk-paere-eple-fra-10-mnd-3pk-600ml/", "kolonial_id": "11224"},
  {"category": "Snus", "category_list": ["Alle varer", "Snus og tobakk", "Snus"], "title": "Epok No2 Arctic Blue S2", "price": 95.9, "product_variant": "16,8 g", "quantity_info": [[16.8, "g"]], "image_url": "https://kolonial.no/static/products/img/placeholder.bffcea8d3530.png", "unit_price_raw": "kr 5708,33 per kg", "product_url": "https://kolonial.no/produkter/25563-epok-epok-no2-arctic-blue-s2/", "kolonial_id": "25563"},
  {"category": "Syltet\u00f8y", "category_list": ["Alle varer", "P\u00e5legg", "Syltet\u00f8y"], "title": "Bl\u00e5b\u00e6rsyltet\u00f8y", "price": 33.9, "product_variant": "1 kg", "quantity_info": [[1.0, "kg"]], "image_url": "/media/uploads/public/232/45/513245-5e8d8-product_list.jpg", "unit_price_raw": "kr 33,90 per kg", "product_url": "https://kolonial.no/produkter/26328-lerum-blabaersyltetoy/", "kolonial_id": "26328"},
  {"category": "Syltet\u00f8y", "category_list": ["Alle varer", "P\u00e5legg", "Syltet\u00f8y"], "title": "Appelsinmarmelade", "price": 30.8, "product_variant": "1 kg", "quantity_info": [[1.0, "kg"]], "image_url": "/media/uploads/public/37/47/513247-e9f97-product_list.jpg", "unit_price_raw": "kr 30,80 per kg", "product_url": "https://kolonial.no/produkter/26326-lerum-appelsinmarmelade/", "kolonial_id": "26326"},
  {"category": "Yoghurt", "category_list": ["Alle varer", "Melk, meieriprodukter og egg", "Yoghurt"], "title": "Sprett Yoghurt Banan", "price": 27.5, "product_variant": "Uten 4x125g, 500 g", "quantity_info": [[4.0, "x"], [125.0, "g"], [500.0, "g"]], "image_url": "/media/uploads/public/34/113/972913-3db51-product_list.jpg", "unit_price_raw": "kr 55,00 per kg", "product_url": "https://kolonial.no/produkter/8137-tine-sprett-yoghurt-banan-uten-4x125g/", "kolonial_id": "8137"},
  {"category": "Te", "category_list": ["Alle varer", "Drikkevarer", "Te"], "title": "Te Wild Berry", "price": 35.6, "product_variant": "\u00d8kologisk, 20 stk", "quantity_info": [[20.0, "stk"]], "image_url": "/media/uploads/public/282/69/990069-6d10b-product_list.jpg", "unit_price_raw": "kr 1,78 per stk", "product_url": "https://kolonial.no/produkter/24691-clipper-te-wild-berry-okologisk/", "kolonial_id": "24691"},
  {"category": "Te", "category_list": ["Alle varer", "Drikkevarer", "Te"], "title": "Te Lime & Ginger Green", "price": 42.1, "product_variant": "\u00d8kologisk, 20 stk", "quantity_info": [[20.0, "stk"]], "image_url": "/media/uploads/public/71/314/164714-f97a6-product_list.jpg", "unit_price_raw": "kr 2,11 per stk", "product_url": "https://kolonial.no/produkter/24690-clipper-te-lime-ginger-green-okologisk/", "kolonial_id": "24690"},
  {"category": "Kaffe", "category_list": ["Alle varer", "Drikkevarer", "Kaffe"], "title": "Nescaf\u00e9 Gull", "price": 101.4, "product_variant": "200 g", "quantity_info": [[200.0, "g"]], "image_url": "/media/uploads/public/296/316/1001516-e1ec3-product_list.jpg", "unit_price_raw": "kr 507,00 per kg", "product_url": "https://kolonial.no/produkter/11269-nescafe-nescafe-gull/", "kolonial_id": "11269"},
  {"category": "Kaffe", "category_list": ["Alle varer", "Drikkevarer", "Kaffe"], "title": "Nescaf\u00e9 Gull", "price": 56.9, "product_variant": "100g Refill, 100 g", "quantity_info": [[100.0, "gRefill"], [100.0, "g"]], "image_url": "/media/uploads/public/367/317/1001517-45898-product_list.jpg", "unit_price_raw": "kr 569,00 per kg", "product_url": "https://kolonial.no/produkter/1948-nescafe-nescafe-gull-100g-refill/", "kolonial_id": "1948"},
  {"category": "Juice", "category_list": ["Alle varer", "Drikkevarer", "Juice"], "title": "Eplejuice Prima", "price": 12.8, "product_variant": "1 l", "quantity_info": [[1.0, "l"]], "image_url": "/media/uploads/public/133/105/972505-e105d-product_list.jpg", "unit_price_raw": "kr 12,80 per l", "product_url": "https://kolonial.no/produkter/8394-rema-1000-eplejuice-prima/", "kolonial_id": "8394"},
  {"category": "Juice", "category_list": ["Alle varer", "Drikkevarer", "Juice"], "title": "Appelsinjuice", "price": 9.9, "product_variant": "1 l", "quantity_info": [[1.0, "l"]], "image_url": "/media/uploads/public/324/351/965151-e941d-product_list.jpg", "unit_price_raw": "kr 9,90 per l", "product_url": "https://kolonial.no/produkter/8392-rema-1000-appelsinjuice-1l/", "kolonial_id": "8392"},
  {"category": "Spesialoster", "category_list": ["Alle varer", "Oster", "Spesialoster"], "title": "Saint Albray", "price": 73.7, "product_variant": "200 g", "quantity_info": [[200.0, "g"]], "image_url": "/media/uploads/public/0/143/64543-4adbd-product_list.jpg", "unit_price_raw": "kr 368,50 per kg", "product_url": "https://kolonial.no/produkter/18643-saint-albray/", "kolonial_id": "18643"},
  {"category": "Brus", "category_list": ["Alle varer", "Drikkevarer", "Brus"], "title": "Pepsi", "price": 24.5, "product_variant": "0,5 l", "quantity_info": [[0.5, "l"]], "image_url": "/media/uploads/public/0/397/20797-e3dc2-product_list.jpg", "unit_price_raw": "kr 49,00 per l", "product_url": "https://kolonial.no/produkter/479-pepsico-pepsi-0-5l/", "kolonial_id": "479"},
  {"category": "Taco", "category_list": ["Alle varer", "Pizza og taco", "Taco"], "title": "Nachochips Salt", "price": 13.6, "product_variant": "200 g", "quantity_info": [[200.0, "g"]], "image_url": "/media/uploads/public/276/383/968783-eee81-product_list.jpg", "unit_price_raw": "kr 68,00 per kg", "product_url": "https://kolonial.no/produkter/16401-rema-1000-nachochips-salt/", "kolonial_id": "16401"},
  {"category": "Taco", "category_list": ["Alle varer", "Pizza og taco", "Taco"], "title": "Tortillachips Ost", "price": 10.4, "product_variant": "200 g", "quantity_info": [[200.0, "g"]], "image_url": "/media/uploads/public/263/254/967454-4df2e-product_list.jpg", "unit_price_raw": "kr 52,00 per kg", "product_url": "https://kolonial.no/produkter/9137-rema-1000-tortillachips-ost-200g/", "kolonial_id": "9137"},
  {"category": "Hjemmelaget pizza", "category_list": ["Alle varer", "Pizza og taco", "Hjemmelaget pizza"], "title": "Peppes Originale R\u00f8mmedressing", "price": 18.6, "product_variant": "130 g", "quantity_info": [[130.0, "g"]], "image_url": "/media/uploads/public/233/286/966686-4f06a-product_list.jpg", "unit_price_raw": "kr 143,08 per kg", "product_url": "https://kolonial.no/produkter/4525-peppes-pizza-peppes-originale-rommedressing-125g/", "kolonial_id": "4525"},
  {"category": "Melk", "category_list": ["Alle varer", "Melk, meieriprodukter og egg", "Melk"], "title": "Biola Granateple & Bringeb\u00e6r Zero", "price": 39.9, "product_variant": "1 l", "quantity_info": [[1.0, "l"]], "image_url": "/media/uploads/public/105/68/970468-77d80-product_list.jpg", "unit_price_raw": "kr 39,90 per l", "product_url": "https://kolonial.no/produkter/21601-tine-biola-granateple-bringebaer-zero/", "kolonial_id": "21601"},
  {"category": "Melk", "category_list": ["Alle varer", "Melk, meieriprodukter og egg", "Melk"], "title": "Biola Jordb\u00e6rdrikk", "price": 33.1, "product_variant": "1 l", "quantity_info": [[1.0, "l"]], "image_url": "/media/uploads/public/343/364/968364-6403b-product_list.jpg", "unit_price_raw": "kr 33,10 per l", "product_url": "https://kolonial.no/produkter/8044-tine-biola-jordbaerdrikk-1l/", "kolonial_id": "8044"},
  {"category": "Krydder", "category_list": ["Alle varer", "Olje og krydder", "Krydder"], "title": "L\u00f8kpulver", "price": 27.1, "product_variant": "86 g", "quantity_info": [[86.0, "g"]], "image_url": "/media/uploads/public/55/321/965521-45cbf-product_list.jpg", "unit_price_raw": "kr 315,12 per kg", "product_url": "https://kolonial.no/produkter/14398-toro-lokpulver-86g/", "kolonial_id": "14398"},
  {"category": "Krydder", "category_list": ["Alle varer", "Olje og krydder", "Krydder"], "title": "Nellik Malt", "price": 9.2, "product_variant": "10 g", "quantity_info": [[10.0, "g"]], "image_url": "/media/uploads/public/245/363/965563-6d30d-product_list.jpg", "unit_price_raw": "kr 920,00 per kg", "product_url": "https://kolonial.no/produkter/6250-toro-nellik-malt-10g/", "kolonial_id": "6250"},
  {"category": "Shampo og h\u00e5rprodukter", "category_list": ["Alle varer", "Shampo, s\u00e5pe og krem", "Shampo og h\u00e5rprodukter"], "title": "Dry Shampo Invisible Clear", "price": 52.4, "product_variant": "200 ml", "quantity_info": [[200.0, "ml"]], "image_url": "/media/uploads/public/311/93/1012893-83197-product_list.jpg", "unit_price_raw": "kr 262,00 per l", "product_url": "https://kolonial.no/produkter/24402-fab-hair-dry-shampo-invisible-clear/", "kolonial_id": "24402"},
  {"category": "Gulost", "category_list": ["Alle varer", "Oster", "Gulost"], "title": "Jarlsberg", "price": 66.4, "product_variant": "Skorpefri, 450 g", "quantity_info": [[450.0, "g"]], "image_url": "/media/uploads/public/201/71/1012871-6c7ca-product_list.jpg", "unit_price_raw": "kr 147,56 per kg", "product_url": "https://kolonial.no/produkter/28102-tine-jarlsberg-skorpefri-450g-045-kg/", "kolonial_id": "28102"},
  {"category": "Tannpleie", "category_list": ["Alle varer", "Hygieneartikler", "Tannpleie"], "title": "Jordan Tannb\u00f8rste Green Clean", "price": 36.9, "product_variant": "Soft, 1 stk", "quantity_info": [[1.0, "stk"]], "image_url": "/media/uploads/public/198/87/985287-1005f-product_list.jpg", "unit_price_raw": "kr 36,90 per stk", "product_url": "https://kolonial.no/produkter/27975-jordan-jordan-tannborste-green-clean-soft/", "kolonial_id": "27975"},
  {"category": "Tannpleie", "category_list": ["Alle varer", "Hygieneartikler", "Tannpleie"], "title": "Tannb\u00f8rste Green Clean", "price": 36.9, "product_variant": "Medium, 1 stk", "quantity_info": [[1.0, "stk"]], "image_url": "/media/uploads/public/334/91/985291-1a439-product_list.jpg", "unit_price_raw": "kr 36,90 per stk", "product_url": "https://kolonial.no/produkter/27979-jordan-tannborste-green-clean-medium/", "kolonial_id": "27979"},
  {"category": "Baketilbeh\u00f8r", "category_list": ["Alle varer", "Mel og bakeingredienser", "Baketilbeh\u00f8r"], "title": "Viking Usukret Kondensert Melk", "price": 43.5, "product_variant": "410 g", "quantity_info": [[410.0, "g"]], "image_url": "/media/uploads/public/80/333/965933-ac1fc-product_list.jpg", "unit_price_raw": "kr 106,10 per kg", "product_url": "https://kolonial.no/produkter/9635-nestle-viking-usukret-kondensert-melk-410g/", "kolonial_id": "9635"},
  {"category": "Baketilbeh\u00f8r", "category_list": ["Alle varer", "Mel og bakeingredienser", "Baketilbeh\u00f8r"], "title": "Vaniljeessens", "price": 18.2, "product_variant": "10 ml", "quantity_info": [[10.0, "ml"]], "image_url": "/media/uploads/public/303/55/972455-a506e-product_list.jpg", "unit_price_raw": "kr 1820,00 per l", "product_url": "https://kolonial.no/produkter/17335-idun-vaniljeessens/", "kolonial_id": "17335"},
  {"category": "Knekkebr\u00f8d", "category_list": ["Alle varer", "Br\u00f8d og frokostblandinger", "Knekkebr\u00f8d"], "title": "R\u00f8ros-Flatbr\u00f8d med Tytteb\u00e6r", "price": 34.8, "product_variant": "190 g", "quantity_info": [[190.0, "g"]], "image_url": "/media/uploads/public/296/323/373923-cd7c7-product_list.jpg", "unit_price_raw": "kr 183,16 per kg", "product_url": "https://kolonial.no/produkter/25947-roros-flatbrod-med-tyttebaer/", "kolonial_id": "25947"},
  {"category": "Knekkebr\u00f8d", "category_list": ["Alle varer", "Br\u00f8d og frokostblandinger", "Knekkebr\u00f8d"], "title": "R\u00f8ros-Flatbr\u00f8d \u00d8kologisk", "price": 34.1, "product_variant": "190 g", "quantity_info": [[190.0, "g"]], "image_url": "/media/uploads/public/205/322/373922-63a03-product_list.jpg", "unit_price_raw": "kr 179,47 per kg", "product_url": "https://kolonial.no/produkter/25946-roros-flatbrod-okologisk/", "kolonial_id": "25946"},
  {"category": "Pasta og nudler", "category_list": ["Alle varer", "Middager og tilbeh\u00f8r", "Pasta og nudler"], "title": "Nudler med Biffsmak", "price": 18.2, "product_variant": "5stk x 85g, 425 g", "quantity_info": [[5.0, "stkx"], [85.0, "g"], [425.0, "g"]], "image_url": "/media/uploads/public/162/127/968127-2578e-product_list.jpg", "unit_price_raw": "kr 42,82 per kg", "product_url": "https://kolonial.no/produkter/15202-rema-1000-nudler-med-biffsmak-5stk-x-85g/", "kolonial_id": "15202"},
  {"category": "Hermetisert frukt og gr\u00f8nt", "category_list": ["Alle varer", "Frukt og gr\u00f8nt", "Hermetisert frukt og gr\u00f8nt"], "title": "Oliven Gr\u00f8nn Med Paprika", "price": 60.6, "product_variant": "370 g", "quantity_info": [[370.0, "g"]], "image_url": "/media/uploads/public/0/95/13295-84c38-product_list.jpg", "unit_price_raw": "kr 163,78 per kg", "product_url": "https://kolonial.no/produkter/9899-iliada-oliven-gronn-med-paprika-370g/", "kolonial_id": "9899"},
  {"category": "Hermetisert frukt og gr\u00f8nt", "category_list": ["Alle varer", "Frukt og gr\u00f8nt", "Hermetisert frukt og gr\u00f8nt"], "title": "Kalamata-Oliven", "price": 53.6, "product_variant": "\u00d8kologisk, 230 g", "quantity_info": [[230.0, "g"]], "image_url": "/media/uploads/public/0/101/13301-d7340-product_list.jpg", "unit_price_raw": "kr 233,04 per kg", "product_url": "https://kolonial.no/produkter/9896-iliada-kalamata-oliven-okologisk-230g/", "kolonial_id": "9896"},
  {"category": "Ferdige middagsretter", "category_list": ["Alle varer", "Middager og tilbeh\u00f8r", "Ferdige middagsretter"], "title": "Lapskaus Lys", "price": 39.9, "product_variant": "800 g", "quantity_info": [[800.0, "g"]], "image_url": "/media/uploads/public/362/152/646952-f423b-product_list.jpg", "unit_price_raw": "kr 49,88 per kg", "product_url": "https://kolonial.no/produkter/6505-trondhjems-lapskaus-lys-800g/", "kolonial_id": "6505"},
  {"category": "Ferdigsauser", "category_list": ["Alle varer", "Middager og tilbeh\u00f8r", "Ferdigsauser"], "title": "Chop Suey Woksaus", "price": 19.3, "product_variant": "120 ml", "quantity_info": [[120.0, "ml"]], "image_url": "/media/uploads/public/129/257/968257-d0e8c-product_list.jpg", "unit_price_raw": "kr 160,83 per l", "product_url": "https://kolonial.no/produkter/1168-blue-dragon-chop-suey-woksaus/", "kolonial_id": "1168"},
  {"category": "Ferdigsauser", "category_list": ["Alle varer", "Middager og tilbeh\u00f8r", "Ferdigsauser"], "title": "Teriyaki Wok Sauce", "price": 19.7, "product_variant": "120 g", "quantity_info": [[120.0, "g"]], "image_url": "/media/uploads/public/305/324/968324-2899f-product_list.jpg", "unit_price_raw": "kr 164,17 per kg", "product_url": "https://kolonial.no/produkter/7534-blue-dragon-teriyaki-wok-sauce-120g/", "kolonial_id": "7534"},
  {"category": "P\u00f8lser", "category_list": ["Alle varer", "Kj\u00f8tt og kylling", "P\u00f8lser"], "title": "Grillp\u00f8lser Kylling", "price": 64.9, "product_variant": "525 g", "quantity_info": [[525.0, "g"]], "image_url": "/media/uploads/public/334/87/804887-d1e96-product_list.jpg", "unit_price_raw": "kr 123,62 per kg", "product_url": "https://kolonial.no/produkter/4780-grillpolser-kylling/", "kolonial_id": "4780"},
  {"category": "P\u00f8lser", "category_list": ["Alle varer", "Kj\u00f8tt og kylling", "P\u00f8lser"], "title": "Grillp\u00f8lser", "price": 39.9, "product_variant": "900 g", "quantity_info": [[900.0, "g"]], "image_url": "/media/uploads/public/79/185/966585-290f7-product_list.jpg", "unit_price_raw": "kr 44,33 per kg", "product_url": "https://kolonial.no/produkter/4825-best-pris-grillpolser-900g/", "kolonial_id": "4825"},
  {"category": "Gr\u00f8nnsaker", "category_list": ["Alle varer", "Frukt og gr\u00f8nt", "Gr\u00f8nnsaker"], "title": "Habanero R\u00f8d", "price": 30.9, "product_variant": "Holland, 50 g", "quantity_info": [[50.0, "g"]], "image_url": "/media/uploads/public/0/23/92023-31dac-product_list.jpg", "unit_price_raw": "kr 618,00 per kg", "product_url": "https://kolonial.no/produkter/19693-habanero-rod-holland/", "kolonial_id": "19693"},
  {"category": "Gr\u00f8nnsaker", "category_list": ["Alle varer", "Frukt og gr\u00f8nt", "Gr\u00f8nnsaker"], "title": "Jalape\u00f1o Gr\u00f8nn", "price": 30.9, "product_variant": "Holland, 50 g", "quantity_info": [[50.0, "g"]], "image_url": "/media/uploads/public/0/59/92059-5de70-product_list.jpg", "unit_price_raw": "kr 618,00 per kg", "product_url": "https://kolonial.no/produkter/19696-jalapeno-gronn-holland/", "kolonial_id": "19696"},
  {"category": "Syltet\u00f8y", "category_list": ["Alle varer", "P\u00e5legg", "Syltet\u00f8y"], "title": "Aprikossyltet\u00f8y", "price": 50.9, "product_variant": "1 kg", "quantity_info": [[1.0, "kg"]], "image_url": "/media/uploads/public/107/46/513246-d5baf-product_list.jpg", "unit_price_raw": "kr 50,90 per kg", "product_url": "https://kolonial.no/produkter/26327-lerum-aprikossyltetoy/", "kolonial_id": "26327"},
  {"category": "Kj\u00f8tt- og kyllingp\u00e5legg", "category_list": ["Alle varer", "P\u00e5legg", "Kj\u00f8tt- og kyllingp\u00e5legg"], "title": "Kokt Skinke Skivet", "price": 22.8, "product_variant": "110 g", "quantity_info": [[110.0, "g"]], "image_url": "/media/uploads/public/28/364/132364-709ab-product_list.jpg", "unit_price_raw": "kr 207,27 per kg", "product_url": "https://kolonial.no/produkter/3568-findus-kokt-skinke-skivet-110g/", "kolonial_id": "3568"},
  {"category": "Spekemat og salami", "category_list": ["Alle varer", "P\u00e5legg", "Spekemat og salami"], "title": "Chorizo", "price": 36.1, "product_variant": "100 g", "quantity_info": [[100.0, "g"]], "image_url": "/media/uploads/public/276/319/971919-f8841-product_list.jpg", "unit_price_raw": "kr 361,00 per kg", "product_url": "https://kolonial.no/produkter/15375-grilstad-chorizo/", "kolonial_id": "15375"},
  {"category": "Spekemat og salami", "category_list": ["Alle varer", "P\u00e5legg", "Spekemat og salami"], "title": "Chorizo Extra Spekep\u00f8lse", "price": 20.0, "product_variant": "60 g", "quantity_info": [[60.0, "g"]], "image_url": "/media/uploads/public/173/291/971891-9b9ba-product_list.jpg", "unit_price_raw": "kr 333,33 per kg", "product_url": "https://kolonial.no/produkter/23241-taga-chorizo-extra-spekepolse/", "kolonial_id": "23241"},
  {"category": "Yoghurt", "category_list": ["Alle varer", "Melk, meieriprodukter og egg", "Yoghurt"], "title": "Yoplait 00%", "price": 19.3, "product_variant": "Bl\u00e5b\u00e6r, 4x124g, 500 g", "quantity_info": [[4.0, "x"], [124.0, "g"], [500.0, "g"]], "image_url": "/media/uploads/public/0/45/94045-6a244-product_list.jpg", "unit_price_raw": "kr 38,60 per kg", "product_url": "https://kolonial.no/produkter/2263-yoplait-yoplait-00-blabaer-4x124g/", "kolonial_id": "2263"},
  {"category": "Te", "category_list": ["Alle varer", "Drikkevarer", "Te"], "title": "Te Love Me Truly Chai", "price": 42.1, "product_variant": "\u00d8kologisk, 20 stk", "quantity_info": [[20.0, "stk"]], "image_url": "/media/uploads/public/154/312/164712-8db15-product_list.jpg", "unit_price_raw": "kr 2,11 per stk", "product_url": "https://kolonial.no/produkter/24688-clipper-te-love-me-truly-chai-okologisk/", "kolonial_id": "24688"},
  {"category": "Te", "category_list": ["Alle varer", "Drikkevarer", "Te"], "title": "Te White with Orange", "price": 42.1, "product_variant": "\u00d8kologisk, 26 stk", "quantity_info": [[26.0, "stk"]], "image_url": "/media/uploads/public/195/316/164716-e657a-product_list.jpg", "unit_price_raw": "kr 1,62 per stk", "product_url": "https://kolonial.no/produkter/24692-clipper-te-white-orange-okologisk/", "kolonial_id": "24692"},
  {"category": "Kaffe", "category_list": ["Alle varer", "Drikkevarer", "Kaffe"], "title": "Nescaf\u00e9 Gull", "price": 59.4, "product_variant": "100 g", "quantity_info": [[100.0, "g"]], "image_url": "/media/uploads/public/250/130/973330-c89dd-product_list.jpg", "unit_price_raw": "kr 594,00 per kg", "product_url": "https://kolonial.no/produkter/5509-nescafe-nescafe-gull-100g/", "kolonial_id": "5509"},
  {"category": "Kaffe", "category_list": ["Alle varer", "Drikkevarer", "Kaffe"], "title": "Nescaf\u00e9 Azera Americano", "price": 63.5, "product_variant": "100 g", "quantity_info": [[100.0, "g"]], "image_url": "/media/uploads/public/231/164/972964-c44d4-product_list.jpg", "unit_price_raw": "kr 635,00 per kg", "product_url": "https://kolonial.no/produkter/26917-nescafe-nescafe-azera-americano/", "kolonial_id": "26917"},
  {"category": "Juice", "category_list": ["Alle varer", "Drikkevarer", "Juice"], "title": "Eplejuice", "price": 37.0, "product_variant": "1,5 l", "quantity_info": [[1.5, "l"]], "image_url": "/media/uploads/public/43/324/511524-acb75-product_list.jpg", "unit_price_raw": "kr 24,67 per l", "product_url": "https://kolonial.no/produkter/26281-lerum-eplejuice/", "kolonial_id": "26281"},
  {"category": "Juice", "category_list": ["Alle varer", "Drikkevarer", "Juice"], "title": "Light Eplenektar", "price": 39.1, "product_variant": "1,5 l", "quantity_info": [[1.5, "l"]], "image_url": "/media/uploads/public/119/323/511523-88220-product_list.jpg", "unit_price_raw": "kr 26,07 per l", "product_url": "https://kolonial.no/produkter/26280-lerum-light-eplenektar/", "kolonial_id": "26280"},
  {"category": "Spesialoster", "category_list": ["Alle varer", "Oster", "Spesialoster"], "title": "Taleggio DOP", "price": 78.3, "product_variant": "200 g", "quantity_info": [[200.0, "g"]], "image_url": "/media/uploads/public/0/158/64558-a4957-product_list.jpg", "unit_price_raw": "kr 391,50 per kg", "product_url": "https://kolonial.no/produkter/18628-taleggio-dop/", "kolonial_id": "18628"},
  {"category": "Brus", "category_list": ["Alle varer", "Drikkevarer", "Brus"], "title": "Pepsi Max Cherry", "price": 28.9, "product_variant": "0,5 l", "quantity_info": [[0.5, "l"]], "image_url": "/media/uploads/public/0/377/80377-5c3f2-product_list.jpg", "unit_price_raw": "kr 57,80 per l", "product_url": "https://kolonial.no/produkter/19909-pepsico-pepsi-max-cherry/", "kolonial_id": "19909"},
  {"category": "Taco", "category_list": ["Alle varer", "Pizza og taco", "Taco"], "title": "Tortillachips Salt", "price": 10.5, "product_variant": "200 g", "quantity_info": [[200.0, "g"]], "image_url": "/media/uploads/public/292/248/967448-136d0-product_list.jpg", "unit_price_raw": "kr 52,50 per kg", "product_url": "https://kolonial.no/produkter/9134-rema-1000-tortillachips-salt-200g/", "kolonial_id": "9134"},
  {"category": "Hjemmelaget pizza", "category_list": ["Alle varer", "Pizza og taco", "Hjemmelaget pizza"], "title": "Pizzakrydder", "price": 36.3, "product_variant": "25 g", "quantity_info": [[25.0, "g"]], "image_url": "/media/uploads/public/173/349/965549-f58c6-product_list.jpg", "unit_price_raw": "kr 1452,00 per kg", "product_url": "https://kolonial.no/produkter/6220-toro-pizzakrydder-25g/", "kolonial_id": "6220"},
  {"category": "Hjemmelaget pizza", "category_list": ["Alle varer", "Pizza og taco", "Hjemmelaget pizza"], "title": "Pizzakrydder", "price": 33.7, "product_variant": "65 g", "quantity_info": [[65.0, "g"]], "image_url": "/media/uploads/public/159/344/966344-4899a-product_list.jpg", "unit_price_raw": "kr 518,46 per kg", "product_url": "https://kolonial.no/produkter/8514-rema-1000-pizzakrydder-65g/", "kolonial_id": "8514"},
  {"category": "Melk", "category_list": ["Alle varer", "Melk, meieriprodukter og egg", "Melk"], "title": "Biola Bl\u00e5b\u00e6rdrikk", "price": 32.5, "product_variant": "1 l", "quantity_info": [[1.0, "l"]], "image_url": "/media/uploads/public/371/40/970440-7b487-product_list.jpg", "unit_price_raw": "kr 32,50 per l", "product_url": "https://kolonial.no/produkter/1129-tine-biola-blabaerdrikk-1l/", "kolonial_id": "1129"},
  {"category": "Melk", "category_list": ["Alle varer", "Melk, meieriprodukter og egg", "Melk"], "title": "Cultura \u00d8kologisk Naturell", "price": 26.7, "product_variant": "1 l", "quantity_info": [[1.0, "l"]], "image_url": "/media/uploads/public/0/59/6859-f7baf-product_list.jpg", "unit_price_raw": "kr 26,70 per l", "product_url": "https://kolonial.no/produkter/8056-tine-cultura-okologisk-naturell-1l/", "kolonial_id": "8056"},
  {"category": "Krydder", "category_list": ["Alle varer", "Olje og krydder", "Krydder"], "title": "Hel Sort Pepper", "price": 12.5, "product_variant": "21 g", "quantity_info": [[21.0, "g"]], "image_url": "/media/uploads/public/103/269/965469-80e3b-product_list.jpg", "unit_price_raw": "kr 595,24 per kg", "product_url": "https://kolonial.no/produkter/6382-toro-hel-sort-pepper-21g/", "kolonial_id": "6382"},
  {"category": "Krydder", "category_list": ["Alle varer", "Olje og krydder", "Krydder"], "title": "Hvit Pepper", "price": 9.1, "product_variant": "Malt, 13 g", "quantity_info": [[13.0, "g"]], "image_url": "/media/uploads/public/146/337/965537-cd7e7-product_list.jpg", "unit_price_raw": "kr 700,00 per kg", "product_url": "https://kolonial.no/produkter/6205-toro-hvit-pepper-malt-13g/", "kolonial_id": "6205"},
  {"category": "Shampo og h\u00e5rprodukter", "category_list": ["Alle varer", "Shampo, s\u00e5pe og krem", "Shampo og h\u00e5rprodukter"], "title": "Dry Shampo Original", "price": 52.4, "product_variant": "200 ml", "quantity_info": [[200.0, "ml"]], "image_url": "/media/uploads/public/325/95/1012895-171a2-product_list.jpg", "unit_price_raw": "kr 262,00 per l", "product_url": "https://kolonial.no/produkter/24400-fab-hair-dry-shampo-original/", "kolonial_id": "24400"},
  {"category": "Shampo og h\u00e5rprodukter", "category_list": ["Alle varer", "Shampo, s\u00e5pe og krem", "Shampo og h\u00e5rprodukter"], "title": "Dry Shampo Brunette", "price": 52.4, "product_variant": "200 ml", "quantity_info": [[200.0, "ml"]], "image_url": "/media/uploads/public/249/87/146487-96417-product_list.jpg", "unit_price_raw": "kr 262,00 per l", "product_url": "https://kolonial.no/produkter/24403-fab-hair-dry-shampo-brunette/", "kolonial_id": "24403"},
  {"category": "Vaskemidler", "category_list": ["Alle varer", "T\u00f8rkepapir og vaskemidler", "Vaskemidler"], "title": "Klorin Wc-Blokk med klor", "price": 36.9, "product_variant": "50 g", "quantity_info": [[50.0, "g"]], "image_url": "/media/uploads/public/161/114/723714-4ea99-product_list.jpg", "unit_price_raw": "kr 738,00 per kg", "product_url": "https://kolonial.no/produkter/27750-klorin-klorin-wc-blokk-med-klor/", "kolonial_id": "27750"},
  {"category": "Baketilbeh\u00f8r", "category_list": ["Alle varer", "Mel og bakeingredienser", "Baketilbeh\u00f8r"], "title": "Mandelessens", "price": 18.1, "product_variant": "10 ml", "quantity_info": [[10.0, "ml"]], "image_url": "/media/uploads/public/179/54/972454-25c83-product_list.jpg", "unit_price_raw": "kr 1810,00 per l", "product_url": "https://kolonial.no/produkter/17332-idun-mandelessens/", "kolonial_id": "17332"},
  {"category": "Baketilbeh\u00f8r", "category_list": ["Alle varer", "Mel og bakeingredienser", "Baketilbeh\u00f8r"], "title": "Romessens", "price": 19.3, "product_variant": "10 ml", "quantity_info": [[10.0, "ml"]], "image_url": "/media/uploads/public/232/47/972447-16f60-product_list.jpg", "unit_price_raw": "kr 1930,00 per l", "product_url": "https://kolonial.no/produkter/17329-idun-romessens/", "kolonial_id": "17329"},
  {"category": "Knekkebr\u00f8d", "category_list": ["Alle varer", "Br\u00f8d og frokostblandinger", "Knekkebr\u00f8d"], "title": "Emma Fullkorn", "price": 40.0, "product_variant": "400 g", "quantity_info": [[400.0, "g"]], "image_url": "/media/uploads/public/299/1/968001-251ee-product_list.jpg", "unit_price_raw": "kr 100,00 per kg", "product_url": "https://kolonial.no/produkter/12370-pagen-emma-fullkorn-400g/", "kolonial_id": "12370"},
  {"category": "Pasta og nudler", "category_list": ["Alle varer", "Middager og tilbeh\u00f8r", "Pasta og nudler"], "title": "Fullkornsnudler", "price": 16.0, "product_variant": "250 g", "quantity_info": [[250.0, "g"]], "image_url": "/media/uploads/public/20/78/968078-c7c53-product_list.jpg", "unit_price_raw": "kr 64,00 per kg", "product_url": "https://kolonial.no/produkter/13765-rema-1000-fullkornsnudler-250g/", "kolonial_id": "13765"},
  {"category": "Pasta og nudler", "category_list": ["Alle varer", "Middager og tilbeh\u00f8r", "Pasta og nudler"], "title": "Eggnudler", "price": 14.1, "product_variant": "250 g", "quantity_info": [[250.0, "g"]], "image_url": "/media/uploads/public/90/332/966332-15928-product_list.jpg", "unit_price_raw": "kr 56,40 per kg", "product_url": "https://kolonial.no/produkter/8550-rema-1000-eggnudler-250g/", "kolonial_id": "8550"},
  {"category": "Hermetisert frukt og gr\u00f8nt", "category_list": ["Alle varer", "Frukt og gr\u00f8nt", "Hermetisert frukt og gr\u00f8nt"], "title": "Gr\u00f8nne Oliven", "price": 54.6, "product_variant": "\u00d8kologisk, 300 g", "quantity_info": [[300.0, "g"]], "image_url": "/media/uploads/public/118/153/969753-6d843-product_list.jpg", "unit_price_raw": "kr 182,00 per kg", "product_url": "https://kolonial.no/produkter/18949-gaea-gronne-oliven-okologisk/", "kolonial_id": "18949"},
  {"category": "Ferdige middagsretter", "category_list": ["Alle varer", "Middager og tilbeh\u00f8r", "Ferdige middagsretter"], "title": "Maxboller i Tomatsaus", "price": 56.8, "product_variant": "420 g", "quantity_info": [[420.0, "g"]], "image_url": "/media/uploads/public/66/165/965365-e619d-product_list.jpg", "unit_price_raw": "kr 135,24 per kg", "product_url": "https://kolonial.no/produkter/13660-trondhjems-maxboller-i-tomatsaus-420g/", "kolonial_id": "13660"},
  {"category": "Ferdige middagsretter", "category_list": ["Alle varer", "Middager og tilbeh\u00f8r", "Ferdige middagsretter"], "title": "Spaghetti \u00e0 la Capri", "price": 23.9, "product_variant": "870 g", "quantity_info": [[870.0, "g"]], "image_url": "/media/uploads/public/195/237/965437-fc8bd-product_list.jpg", "unit_price_raw": "kr 27,47 per kg", "product_url": "https://kolonial.no/produkter/6490-sopps-spaghetti-la-capri-850g/", "kolonial_id": "6490"},
  {"category": "Ferdigsauser", "category_list": ["Alle varer", "Middager og tilbeh\u00f8r", "Ferdigsauser"], "title": "Woksaus Sweet&Sour", "price": 19.8, "product_variant": "120 g", "quantity_info": [[120.0, "g"]], "image_url": "/media/uploads/public/108/263/968263-47806-product_list.jpg", "unit_price_raw": "kr 165,00 per kg", "product_url": "https://kolonial.no/produkter/7747-blue-dragon-woksaus-sweetsour-120g/", "kolonial_id": "7747"},
  {"category": "P\u00f8lser", "category_list": ["Alle varer", "Kj\u00f8tt og kylling", "P\u00f8lser"], "title": "Prima Wienerp\u00f8lse", "price": 65.4, "product_variant": "12 stk, 875 g", "quantity_info": [[12.0, "stk"], [875.0, "g"]], "image_url": "/media/uploads/public/147/7/154807-15dc0-product_list.jpg", "unit_price_raw": "kr 74,74 per kg", "product_url": "https://kolonial.no/produkter/24526-rema-1000-prima-wienerpolse-12-stk/", "kolonial_id": "24526"},
  {"category": "P\u00f8lser", "category_list": ["Alle varer", "Kj\u00f8tt og kylling", "P\u00f8lser"], "title": "Prima R\u00f8kte Kj\u00f8ttp\u00f8lser", "price": 32.9, "product_variant": "720 g", "quantity_info": [[720.0, "g"]], "image_url": "/media/uploads/public/168/20/154820-7a0e1-product_list.jpg", "unit_price_raw": "kr 45,69 per kg", "product_url": "https://kolonial.no/produkter/24523-rema-1000-prima-rokte-kjottpolser/", "kolonial_id": "24523"},
  {"category": "Gr\u00f8nnsaker", "category_list": ["Alle varer", "Frukt og gr\u00f8nt", "Gr\u00f8nnsaker"], "title": "Stangselleri", "price": 26.9, "product_variant": "Spania, 1 stk", "quantity_info": [[1.0, "stk"]], "image_url": "/media/uploads/public/0/71/12071-50202-product_list.jpg", "unit_price_raw": "kr 53,80 per kg", "product_url": "https://kolonial.no/produkter/9368-stangselleri-spania/", "kolonial_id": "9368"},
  {"category": "Smoothie, yoghurt og mellomm\u00e5ltid", "category_list": ["Alle varer", "Barneprodukter", "Smoothie, yoghurt og mellomm\u00e5ltid"], "title": "Biola Mini Laktosefri Jordb\u00e6r og Bl\u00e5b\u00e6r", "price": 37.0, "product_variant": "4x100g, 4 dl", "quantity_info": [[4.0, "x"], [100.0, "g"], [4.0, "dl"]], "image_url": "/media/uploads/public/189/154/972954-28731-product_list.jpg", "unit_price_raw": "kr 92,50 per l", "product_url": "https://kolonial.no/produkter/26884-tine-biola-mini-laktosefri-jordbaer-og-blabaer-4x1/", "kolonial_id": "26884"},
  {"category": "Syltet\u00f8y", "category_list": ["Alle varer", "P\u00e5legg", "Syltet\u00f8y"], "title": "Ripsgel\u00e9", "price": 43.0, "product_variant": "200 g", "quantity_info": [[200.0, "g"]], "image_url": "/media/uploads/public/102/312/373912-4b9ee-product_list.jpg", "unit_price_raw": "kr 215,00 per kg", "product_url": "https://kolonial.no/produkter/19300-loiten-ripsgele/", "kolonial_id": "19300"},
  {"category": "Syltet\u00f8y", "category_list": ["Alle varer", "P\u00e5legg", "Syltet\u00f8y"], "title": "Ripsgel\u00e9", "price": 46.4, "product_variant": "400 g", "quantity_info": [[400.0, "g"]], "image_url": "/media/uploads/public/371/237/133437-db770-product_list.jpg", "unit_price_raw": "kr 116,00 per kg", "product_url": "https://kolonial.no/produkter/23745-den-gamle-frugthave-ripsgele/", "kolonial_id": "23745"},
  {"category": "Kj\u00f8tt- og kyllingp\u00e5legg", "category_list": ["Alle varer", "P\u00e5legg", "Kj\u00f8tt- og kyllingp\u00e5legg"], "title": "Servelat", "price": 18.2, "product_variant": "250 g", "quantity_info": [[250.0, "g"]], "image_url": "/media/uploads/public/19/129/969329-45957-product_list.jpg", "unit_price_raw": "kr 72,80 per kg", "product_url": "https://kolonial.no/produkter/18007-best-pris-servelat/", "kolonial_id": "18007"},
  {"category": "Kj\u00f8tt- og kyllingp\u00e5legg", "category_list": ["Alle varer", "P\u00e5legg", "Kj\u00f8tt- og kyllingp\u00e5legg"], "title": "Go & Mager Servelat", "price": 26.9, "product_variant": "100 g", "quantity_info": [[100.0, "g"]], "image_url": "/media/uploads/public/282/168/140968-16b3c-product_list.jpg", "unit_price_raw": "kr 269,00 per kg", "product_url": "https://kolonial.no/produkter/23950-gilde-go-mager-servelat/", "kolonial_id": "23950"},
  {"category": "Spekemat og salami", "category_list": ["Alle varer", "P\u00e5legg", "Spekemat og salami"], "title": "Spansk Salami Spekep\u00f8lse", "price": 20.0, "product_variant": "60 g", "quantity_info": [[60.0, "g"]], "image_url": "/media/uploads/public/176/121/970921-1f2dd-product_list.jpg", "unit_price_raw": "kr 333,33 per kg", "product_url": "https://kolonial.no/produkter/23242-taga-spansk-salami-spekepolse/", "kolonial_id": "23242"},
  {"category": "Yoghurt", "category_list": ["Alle varer", "Melk, meieriprodukter og egg", "Yoghurt"], "title": "Yoplait 00%", "price": 24.2, "product_variant": "Jordb\u00e6r & Bringeb\u00e6r 4x125g, 500 g", "quantity_info": [[4.0, "x"], [125.0, "g"], [500.0, "g"]], "image_url": "/media/uploads/public/0/48/94048-b104b-product_list.jpg", "unit_price_raw": "kr 48,40 per kg", "product_url": "https://kolonial.no/produkter/2260-yoplait-yoplait-00-jordbaer-bringebaer-4x125g/", "kolonial_id": "2260"},
  {"category": "Yoghurt", "category_list": ["Alle varer", "Melk, meieriprodukter og egg", "Yoghurt"], "title": "Yoplait 00%", "price": 26.1, "product_variant": "Fersken & Pasjonsfrukt, 4x125g, 500 g", "quantity_info": [[4.0, "x"], [125.0, "g"], [500.0, "g"]], "image_url": "/media/uploads/public/0/57/94057-723b8-product_list.jpg", "unit_price_raw": "kr 52,20 per kg", "product_url": "https://kolonial.no/produkter/12361-yoplait-yoplait-00-fersken-pasjonsfrukt-4x125g/", "kolonial_id": "12361"},
  {"category": "Te", "category_list": ["Alle varer", "Drikkevarer", "Te"], "title": "Te Snore & Peace", "price": 42.1, "product_variant": "20 stk", "quantity_info": [[20.0, "stk"]], "image_url": "/media/uploads/public/1/257/186257-ee5d7-product_list.jpg", "unit_price_raw": "kr 2,11 per stk", "product_url": "https://kolonial.no/produkter/24693-clipper-te-snore-peace/", "kolonial_id": "24693"},
  {"category": "Kaffe", "category_list": ["Alle varer", "Drikkevarer", "Kaffe"], "title": "Nescafe Azera Espresso", "price": 63.8, "product_variant": "100 g", "quantity_info": [[100.0, "g"]], "image_url": "/media/uploads/public/47/335/1001535-12863-product_list.jpg", "unit_price_raw": "kr 63,80 per stk", "product_url": "https://kolonial.no/produkter/26923-nescafe-nescafe-azera-espresso/", "kolonial_id": "26923"},
  {"category": "Kaffe", "category_list": ["Alle varer", "Drikkevarer", "Kaffe"], "title": "Nescaf\u00e9 Brasero", "price": 31.8, "product_variant": "100 g", "quantity_info": [[100.0, "g"]], "image_url": "/media/uploads/public/45/313/1001513-c698d-product_list.jpg", "unit_price_raw": "kr 318,00 per kg", "product_url": "https://kolonial.no/produkter/5518-nestle-nescafe-brasero-100g/", "kolonial_id": "5518"},
  {"category": "Spesialoster", "category_list": ["Alle varer", "Oster", "Spesialoster"], "title": "Tartare Aperifrais Provence", "price": 40.9, "product_variant": "100 g", "quantity_info": [[100.0, "g"]], "image_url": "/media/uploads/public/249/163/970963-a9c93-product_list.jpg", "unit_price_raw": "kr 409,00 per kg", "product_url": "https://kolonial.no/produkter/18529-tartare-aperifrais-provence/", "kolonial_id": "18529"},
  {"category": "Spesialoster", "category_list": ["Alle varer", "Oster", "Spesialoster"], "title": "Apetina Laktosefri", "price": 34.2, "product_variant": "200 g", "quantity_info": [[200.0, "g"]], "image_url": "/media/uploads/public/369/211/970611-a9169-product_list.jpg", "unit_price_raw": "kr 171,00 per kg", "product_url": "https://kolonial.no/produkter/21706-arla-apetina-laktosefri/", "kolonial_id": "21706"},
  {"category": "Brus", "category_list": ["Alle varer", "Drikkevarer", "Brus"], "title": "Pepsi Max Ginger", "price": 28.9, "product_variant": "0,5 l", "quantity_info": [[0.5, "l"]], "image_url": "/media/uploads/public/127/50/695250-2c7d3-product_list.jpg", "unit_price_raw": "kr 57,80 per l", "product_url": "https://kolonial.no/produkter/27376-pepsico-pepsi-max-ginger/", "kolonial_id": "27376"},
  {"category": "Brus", "category_list": ["Alle varer", "Drikkevarer", "Brus"], "title": "Cola Classic", "price": 19.7, "product_variant": "0,45 l", "quantity_info": [[0.45, "l"]], "image_url": "/media/uploads/public/15/260/971060-23ba1-product_list.jpg", "unit_price_raw": "kr 43,78 per l", "product_url": "https://kolonial.no/produkter/23259-grans-bryggeri-cola-classic/", "kolonial_id": "23259"},
  {"category": "Melk", "category_list": ["Alle varer", "Melk, meieriprodukter og egg", "Melk"], "title": "Rice Original", "price": 32.9, "product_variant": "Risdrikk med Kalsium, 1 l", "quantity_info": [[1.0, "l"]], "image_url": "/media/uploads/public/195/287/967087-20533-product_list.jpg", "unit_price_raw": "kr 32,90 per l", "product_url": "https://kolonial.no/produkter/1192-alpro-rice-original-risdrikk-med-kalsium/", "kolonial_id": "1192"},
  {"category": "Melk", "category_list": ["Alle varer", "Melk, meieriprodukter og egg", "Melk"], "title": "Soyadrikk Vanilje", "price": 40.7, "product_variant": "1 l", "quantity_info": [[1.0, "l"]], "image_url": "/media/uploads/public/0/216/83416-48a2d-product_list.jpg", "unit_price_raw": "kr 40,70 per l", "product_url": "https://kolonial.no/produkter/20449-alpro-soyadrikk-vanilje/", "kolonial_id": "20449"},
  {"category": "Krydder", "category_list": ["Alle varer", "Olje og krydder", "Krydder"], "title": "Sort Pepper Malt", "price": 7.3, "product_variant": "13 g", "quantity_info": [[13.0, "g"]], "image_url": "/media/uploads/public/306/350/965550-d91fb-product_list.jpg", "unit_price_raw": "kr 561,54 per kg", "product_url": "https://kolonial.no/produkter/14401-toro-sort-pepper-malt-13g/", "kolonial_id": "14401"},
  {"category": "Krydder", "category_list": ["Alle varer", "Olje og krydder", "Krydder"], "title": "Hel Sort Pepper", "price": 29.1, "product_variant": "65 g", "quantity_info": [[65.0, "g"]], "image_url": "/media/uploads/public/13/290/965490-9ee06-product_list.jpg", "unit_price_raw": "kr 447,69 per kg", "product_url": "https://kolonial.no/produkter/6082-toro-hel-sort-pepper-65g/", "kolonial_id": "6082"},
  {"category": "Oljer og dressinger", "category_list": ["Alle varer", "Olje og krydder", "Oljer og dressinger"], "title": "Hamburgerdressing", "price": 20.5, "product_variant": "400 g", "quantity_info": [[400.0, "g"]], "image_url": "/media/uploads/public/397/4/154804-b15fb-product_list.jpg", "unit_price_raw": "kr 51,25 per kg", "product_url": "https://kolonial.no/produkter/24571-salatmestern-hamburgerdressing/", "kolonial_id": "24571"},
  {"category": "Knekkebr\u00f8d", "category_list": ["Alle varer", "Br\u00f8d og frokostblandinger", "Knekkebr\u00f8d"], "title": "Fullkorn Skorpe Uten Sukker", "price": 27.1, "product_variant": "300 g", "quantity_info": [[300.0, "g"]], "image_url": "/media/uploads/public/104/47/974047-1bbad-product_list.jpg", "unit_price_raw": "kr 90,33 per kg", "product_url": "https://kolonial.no/produkter/15891-wasa-fullkorn-skorpe-uten-sukker/", "kolonial_id": "15891"},
  {"category": "Pasta og nudler", "category_list": ["Alle varer", "Middager og tilbeh\u00f8r", "Pasta og nudler"], "title": "Rice Noodles", "price": 28.8, "product_variant": "180 g", "quantity_info": [[180.0, "g"]], "image_url": "/media/uploads/public/195/67/971267-5ee8e-product_list.jpg", "unit_price_raw": "kr 160,00 per kg", "product_url": "https://kolonial.no/produkter/23376-santa-maria-rice-noodles/", "kolonial_id": "23376"},
  {"category": "Hermetisert frukt og gr\u00f8nt", "category_list": ["Alle varer", "Frukt og gr\u00f8nt", "Hermetisert frukt og gr\u00f8nt"], "title": "Oliven Med Hvitl\u00f8k", "price": 36.0, "product_variant": "240 g", "quantity_info": [[240.0, "g"]], "image_url": "/media/uploads/public/0/7/66007-ac32f-product_list.jpg", "unit_price_raw": "kr 150,00 per kg", "product_url": "https://kolonial.no/produkter/18946-ybarra-oliven-med-hvitlok/", "kolonial_id": "18946"},
  {"category": "Hermetisert frukt og gr\u00f8nt", "category_list": ["Alle varer", "Frukt og gr\u00f8nt", "Hermetisert frukt og gr\u00f8nt"], "title": "Sorte Oliven Uten Sten", "price": 27.5, "product_variant": "230 g", "quantity_info": [[230.0, "g"]], "image_url": "/media/uploads/public/92/147/969747-cad9b-product_list.jpg", "unit_price_raw": "kr 119,57 per kg", "product_url": "https://kolonial.no/produkter/18943-ybarra-sorte-oliven-uten-sten/", "kolonial_id": "18943"},
  {"category": "Ferdige middagsretter", "category_list": ["Alle varer", "Middager og tilbeh\u00f8r", "Ferdige middagsretter"], "title": "Pannekaker Ferdigstekte", "price": 27.3, "product_variant": "600 g", "quantity_info": [[600.0, "g"]], "image_url": "/media/uploads/public/323/392/998792-c6bcb-product_list.jpg", "unit_price_raw": "kr 45,50 per kg", "product_url": "https://kolonial.no/produkter/4870-amli-pannekaker-ferdigstekte/", "kolonial_id": "4870"},
  {"category": "Ferdigsauser", "category_list": ["Alle varer", "Middager og tilbeh\u00f8r", "Ferdigsauser"], "title": "Woksaus Lemongrass", "price": 17.1, "product_variant": "120 g", "quantity_info": [[120.0, "g"]], "image_url": "/media/uploads/public/225/336/972336-a41fc-product_list.jpg", "unit_price_raw": "kr 142,50 per kg", "product_url": "https://kolonial.no/produkter/5467-go-tan-woksaus-lemongrass-120g/", "kolonial_id": "5467"},
  {"category": "Ferdigsauser", "category_list": ["Alle varer", "Middager og tilbeh\u00f8r", "Ferdigsauser"], "title": "Sushi Nori", "price": 40.0, "product_variant": "5 ark, 11 g", "quantity_info": [[5.0, "ark"], [11.0, "g"]], "image_url": "/media/uploads/public/271/24/964424-9cddd-product_list.jpg", "unit_price_raw": "kr 3636,36 per kg", "product_url": "https://kolonial.no/produkter/10957-blue-dragon-sushi-nori-11g/", "kolonial_id": "10957"},
  {"category": "Gr\u00f8nnsaker", "category_list": ["Alle varer", "Frukt og gr\u00f8nt", "Gr\u00f8nnsaker"], "title": "Stangselleri", "price": 30.9, "product_variant": "\u00d8kologisk, Holland, 500 g", "quantity_info": [[500.0, "g"]], "image_url": "/media/uploads/public/262/367/560767-a4ea4-product_list.jpg", "unit_price_raw": "kr 61,80 per kg", "product_url": "https://kolonial.no/produkter/26406-stangselleri-okologisk-holland/", "kolonial_id": "26406"},
  {"category": "Gr\u00f8nnsaker", "category_list": ["Alle varer", "Frukt og gr\u00f8nt", "Gr\u00f8nnsaker"], "title": "Fennikel", "price": 8.5, "product_variant": "Spania/ Italia, 1 stk", "quantity_info": [[1.0, "stk"]], "image_url": "/media/uploads/public/0/64/12464-689ae-product_list.jpg", "unit_price_raw": "kr 34,00 per kg", "product_url": "https://kolonial.no/produkter/9572-fennikel-1-stk-ca-450g-norge/", "kolonial_id": "9572"},
  {"category": "Smoothie, yoghurt og mellomm\u00e5ltid", "category_list": ["Alle varer", "Barneprodukter", "Smoothie, yoghurt og mellomm\u00e5ltid"], "title": "Q Barneyoghurt Bringeb\u00e6r", "price": 15.6, "product_variant": "135 g", "quantity_info": [[135.0, "g"]], "image_url": "/media/uploads/public/196/71/296071-8603f-product_list.jpg", "unit_price_raw": "kr 115,56 per kg", "product_url": "https://kolonial.no/produkter/25295-q-meieriene-q-barneyoghurt-bringebaer/", "kolonial_id": "25295"},
  {"category": "Syltet\u00f8y", "category_list": ["Alle varer", "P\u00e5legg", "Syltet\u00f8y"], "title": "Marmelade til Brie", "price": 52.4, "product_variant": "120 g", "quantity_info": [[120.0, "g"]], "image_url": "/media/uploads/public/0/233/64633-8a731-product_list.jpg", "unit_price_raw": "kr 436,67 per kg", "product_url": "https://kolonial.no/produkter/18562-lesgards-marmelade-til-brie/", "kolonial_id": "18562"},
  {"category": "Kj\u00f8tt- og kyllingp\u00e5legg", "category_list": ["Alle varer", "P\u00e5legg", "Kj\u00f8tt- og kyllingp\u00e5legg"], "title": "Familieskinke Krydret", "price": 27.7, "product_variant": "150 g", "quantity_info": [[150.0, "g"]], "image_url": "/media/uploads/public/98/54/141254-625ab-product_list.jpg", "unit_price_raw": "kr 184,67 per kg", "product_url": "https://kolonial.no/produkter/24190-gilde-familieskinke-krydret/", "kolonial_id": "24190"},
  {"category": "Kj\u00f8tt- og kyllingp\u00e5legg", "category_list": ["Alle varer", "P\u00e5legg", "Kj\u00f8tt- og kyllingp\u00e5legg"], "title": "Familieskinke Skivet", "price": 26.7, "product_variant": "150 g", "quantity_info": [[150.0, "g"]], "image_url": "/media/uploads/public/396/51/141251-66daf-product_list.jpg", "unit_price_raw": "kr 178,00 per kg", "product_url": "https://kolonial.no/produkter/24187-gilde-familieskinke-skivet/", "kolonial_id": "24187"},
  {"category": "Spekemat og salami", "category_list": ["Alle varer", "P\u00e5legg", "Spekemat og salami"], "title": "Serrano Gran Reserva", "price": 39.0, "product_variant": "80 g", "quantity_info": [[80.0, "g"]], "image_url": "/media/uploads/public/30/78/970878-ed0ca-product_list.jpg", "unit_price_raw": "kr 487,50 per kg", "product_url": "https://kolonial.no/produkter/23244-taga-serrano-gran-reserva/", "kolonial_id": "23244"},
  {"category": "Yoghurt", "category_list": ["Alle varer", "Melk, meieriprodukter og egg", "Yoghurt"], "title": "Yoplait 00%", "price": 39.7, "product_variant": "Kirseb\u00e6r, 4x125g, 500 g", "quantity_info": [[4.0, "x"], [125.0, "g"], [500.0, "g"]], "image_url": "/media/uploads/public/0/51/94051-92dbe-product_list.jpg", "unit_price_raw": "kr 79,40 per kg", "product_url": "https://kolonial.no/produkter/12364-yoplait-yoplait-00-kirsebaer-4x125g/", "kolonial_id": "12364"},
  {"category": "Yoghurt", "category_list": ["Alle varer", "Melk, meieriprodukter og egg", "Yoghurt"], "title": "Yoplait 00%", "price": 24.4, "product_variant": "Vanilje, 4x125g, 500 g", "quantity_info": [[4.0, "x"], [125.0, "g"], [500.0, "g"]], "image_url": "/media/uploads/public/0/42/94042-519e0-product_list.jpg", "unit_price_raw": "kr 48,80 per kg", "product_url": "https://kolonial.no/produkter/21565-yoplait-yoplait-00-vanilje-4x125g/", "kolonial_id": "21565"},
  {"category": "Te", "category_list": ["Alle varer", "Drikkevarer", "Te"], "title": "Kamille-te", "price": 35.6, "product_variant": "20 stk", "quantity_info": [[20.0, "stk"]], "image_url": "/media/uploads/public/185/81/987681-aa398-product_list.jpg", "unit_price_raw": "kr 1,78 per stk", "product_url": "https://kolonial.no/produkter/26404-clipper-kamille-te/", "kolonial_id": "26404"},
  {"category": "Te", "category_list": ["Alle varer", "Drikkevarer", "Te"], "title": "Earl Grey Te", "price": 17.1, "product_variant": "50 poser, 50 stk", "quantity_info": [[50.0, "poser"], [50.0, "stk"]], "image_url": "/media/uploads/public/52/384/970784-89744-product_list.jpg", "unit_price_raw": "kr 0,34 per stk", "product_url": "https://kolonial.no/produkter/5164-rema-1000-earl-grey-te-50-poser/", "kolonial_id": "5164"},
  {"category": "Kaffe", "category_list": ["Alle varer", "Drikkevarer", "Kaffe"], "title": "Nescaf\u00e9 Koffeinfri Gull", "price": 83.8, "product_variant": "100 g", "quantity_info": [[100.0, "g"]], "image_url": "/media/uploads/public/159/320/1001520-71bd2-product_list.jpg", "unit_price_raw": "kr 838,00 per kg", "product_url": "https://kolonial.no/produkter/11275-nescafe-nescafe-koffeinfri-gull/", "kolonial_id": "11275"},
  {"category": "Kaffe", "category_list": ["Alle varer", "Drikkevarer", "Kaffe"], "title": "Espressokaffe Malt", "price": 68.1, "product_variant": "Illy, 250 g", "quantity_info": [[250.0, "g"]], "image_url": "/media/uploads/public/298/375/973975-5f040-product_list.jpg", "unit_price_raw": "kr 272,40 per kg", "product_url": "https://kolonial.no/produkter/14167-espressokaffe-malt-illy-250g/", "kolonial_id": "14167"},
  {"category": "Spesialoster", "category_list": ["Alle varer", "Oster", "Spesialoster"], "title": "Chevre Ramsl\u00f8k Haukeli", "price": 54.1, "product_variant": "120 g", "quantity_info": [[120.0, "g"]], "image_url": "/media/uploads/public/89/61/970461-2eb11-product_list.jpg", "unit_price_raw": "kr 450,83 per kg", "product_url": "https://kolonial.no/produkter/21574-tine-chevre-ramslok-haukeli/", "kolonial_id": "21574"},
  {"category": "Brus", "category_list": ["Alle varer", "Drikkevarer", "Brus"], "title": "Solo", "price": 25.3, "product_variant": "0,5 l", "quantity_info": [[0.5, "l"]], "image_url": "/media/uploads/public/0/0/20800-6e078-product_list.jpg", "unit_price_raw": "kr 50,60 per l", "product_url": "https://kolonial.no/produkter/491-ringnes-solo-0-5l/", "kolonial_id": "491"},
  {"category": "Brus", "category_list": ["Alle varer", "Drikkevarer", "Brus"], "title": "Solo Super", "price": 25.1, "product_variant": "0,5 l", "quantity_info": [[0.5, "l"]], "image_url": "/media/uploads/public/0/382/20782-b09f4-product_list.jpg", "unit_price_raw": "kr 50,20 per l", "product_url": "https://kolonial.no/produkter/488-ringnes-solo-super-0-5l/", "kolonial_id": "488"},
  {"category": "Hjemmelaget pizza", "category_list": ["Alle varer", "Pizza og taco", "Hjemmelaget pizza"], "title": "Peppes Pepperoni", "price": 29.9, "product_variant": "80 g", "quantity_info": [[80.0, "g"]], "image_url": "/media/uploads/public/393/253/1011853-a5ae4-product_list.jpg", "unit_price_raw": "kr 373,75 per kg", "product_url": "https://kolonial.no/produkter/28071-peppes-pizza-peppes-pepperoni/", "kolonial_id": "28071"},
  {"category": "Melk", "category_list": ["Alle varer", "Melk, meieriprodukter og egg", "Melk"], "title": "Soyamelk", "price": 31.4, "product_variant": "Naturell, 1 l", "quantity_info": [[1.0, "l"]], "image_url": "/media/uploads/public/124/250/972250-60804-product_list.jpg", "unit_price_raw": "kr 31,40 per l", "product_url": "https://kolonial.no/produkter/89-alpro-soyamelk-naturell/", "kolonial_id": "89"},
  {"category": "Melk", "category_list": ["Alle varer", "Melk, meieriprodukter og egg", "Melk"], "title": "Mandeldrikk", "price": 35.9, "product_variant": "1 l", "quantity_info": [[1.0, "l"]], "image_url": "/media/uploads/public/0/7/13607-5bd6f-product_list.jpg", "unit_price_raw": "kr 35,90 per l", "product_url": "https://kolonial.no/produkter/9947-alpro-mandeldrikk-1l/", "kolonial_id": "9947"},
  {"category": "Krydder", "category_list": ["Alle varer", "Olje og krydder", "Krydder"], "title": "Paprika", "price": 32.3, "product_variant": "Malt, 60 g", "quantity_info": [[60.0, "g"]], "image_url": "/media/uploads/public/111/291/965491-9884f-product_list.jpg", "unit_price_raw": "kr 538,33 per kg", "product_url": "https://kolonial.no/produkter/6094-toro-paprika-malt-60g/", "kolonial_id": "6094"},
  {"category": "Krydder", "category_list": ["Alle varer", "Olje og krydder", "Krydder"], "title": "Pepper Sort", "price": 24.2, "product_variant": "Grovmalt, 68 g", "quantity_info": [[68.0, "g"]], "image_url": "/media/uploads/public/53/295/965495-aa3df-product_list.jpg", "unit_price_raw": "kr 355,88 per kg", "product_url": "https://kolonial.no/produkter/6073-toro-pepper-sort-grovmalt-68g/", "kolonial_id": "6073"},
  {"category": "Baketilbeh\u00f8r", "category_list": ["Alle varer", "Mel og bakeingredienser", "Baketilbeh\u00f8r"], "title": "Gelatinplater", "price": 11.5, "product_variant": "10 stk", "quantity_info": [[10.0, "stk"]], "image_url": "/media/uploads/public/262/97/971697-4e5aa-product_list.jpg", "unit_price_raw": "kr 1,15 per stk", "product_url": "https://kolonial.no/produkter/8604-gelatinplater-10stk/", "kolonial_id": "8604"},
  {"category": "Baketilbeh\u00f8r", "category_list": ["Alle varer", "Mel og bakeingredienser", "Baketilbeh\u00f8r"], "title": "Gelatinpulver", "price": 36.0, "product_variant": "65 g", "quantity_info": [[65.0, "g"]], "image_url": "/media/uploads/public/78/394/134794-279e5-product_list.jpg", "unit_price_raw": "kr 553,85 per kg", "product_url": "https://kolonial.no/produkter/23764-dr-oetker-gelatinpulver/", "kolonial_id": "23764"},
  {"category": "Oljer og dressinger", "category_list": ["Alle varer", "Olje og krydder", "Oljer og dressinger"], "title": "Selskapsdressing", "price": 20.5, "product_variant": "400 g", "quantity_info": [[400.0, "g"]], "image_url": "/media/uploads/public/358/3/154803-eb943-product_list.jpg", "unit_price_raw": "kr 51,25 per kg", "product_url": "https://kolonial.no/produkter/24572-salatmestern-selskapsdressing/", "kolonial_id": "24572"},
  {"category": "Oljer og dressinger", "category_list": ["Alle varer", "Olje og krydder", "Oljer og dressinger"], "title": "Hvitl\u00f8ksdressing", "price": 23.1, "product_variant": "380 g", "quantity_info": [[380.0, "g"]], "image_url": "/media/uploads/public/1/147/186147-a79f7-product_list.jpg", "unit_price_raw": "kr 60,79 per kg", "product_url": "https://kolonial.no/produkter/5098-salatmestern-hvitloksdressing-380g/", "kolonial_id": "5098"},
  {"category": "Knekkebr\u00f8d", "category_list": ["Alle varer", "Br\u00f8d og frokostblandinger", "Knekkebr\u00f8d"], "title": "Kavring", "price": 29.1, "product_variant": "400 g", "quantity_info": [[400.0, "g"]], "image_url": "/media/uploads/public/133/170/964970-88aef-product_list.jpg", "unit_price_raw": "kr 72,75 per kg", "product_url": "https://kolonial.no/produkter/6973-wasa-kavring-400g/", "kolonial_id": "6973"},
  {"category": "Knekkebr\u00f8d", "category_list": ["Alle varer", "Br\u00f8d og frokostblandinger", "Knekkebr\u00f8d"], "title": "Kornmoknekkebr\u00f8d Havre & Solsikke", "price": 32.1, "product_variant": "200 g", "quantity_info": [[200.0, "g"]], "image_url": "/media/uploads/public/107/246/686646-40561-product_list.jpg", "unit_price_raw": "kr 160,50 per kg", "product_url": "https://kolonial.no/produkter/21190-saetre-kornmoknekkebrod-havre-solsikke/", "kolonial_id": "21190"},
  {"category": "Pasta og nudler", "category_list": ["Alle varer", "Middager og tilbeh\u00f8r", "Pasta og nudler"], "title": "Eggnudler", "price": 21.6, "product_variant": "200 g", "quantity_info": [[200.0, "g"]], "image_url": "/media/uploads/public/287/355/996355-7ccbf-product_list.jpg", "unit_price_raw": "kr 108,00 per kg", "product_url": "https://kolonial.no/produkter/14230-santa-maria-eggnudler-250g/", "kolonial_id": "14230"},
  {"category": "Pasta og nudler", "category_list": ["Alle varer", "Middager og tilbeh\u00f8r", "Pasta og nudler"], "title": "Glassnudler", "price": 20.9, "product_variant": "100 g", "quantity_info": [[100.0, "g"]], "image_url": "/media/uploads/public/119/104/972904-d8045-product_list.jpg", "unit_price_raw": "kr 209,00 per kg", "product_url": "https://kolonial.no/produkter/26877-go-tan-glassnudler/", "kolonial_id": "26877"},
  {"category": "Hermetisert frukt og gr\u00f8nt", "category_list": ["Alle varer", "Frukt og gr\u00f8nt", "Hermetisert frukt og gr\u00f8nt"], "title": "Oliven Sort Uten Sten", "price": 17.1, "product_variant": "340 g", "quantity_info": [[340.0, "g"]], "image_url": "/media/uploads/public/339/316/971916-f5698-product_list.jpg", "unit_price_raw": "kr 50,29 per kg", "product_url": "https://kolonial.no/produkter/8746-rema-1000-oliven-sort-uten-sten-340g/", "kolonial_id": "8746"},
  {"category": "Hermetisert frukt og gr\u00f8nt", "category_list": ["Alle varer", "Frukt og gr\u00f8nt", "Hermetisert frukt og gr\u00f8nt"], "title": "Gr\u00f8nn Oliven Med Paprika", "price": 19.3, "product_variant": "340 g", "quantity_info": [[340.0, "g"]], "image_url": "/media/uploads/public/187/311/971911-4c3d5-product_list.jpg", "unit_price_raw": "kr 56,76 per kg", "product_url": "https://kolonial.no/produkter/8750-rema-1000-gronn-oliven-med-paprika-340g/", "kolonial_id": "8750"},
  {"category": "Ferdige middagsretter", "category_list": ["Alle varer", "Middager og tilbeh\u00f8r", "Ferdige middagsretter"], "title": "Havregr\u00f8t Energi", "price": 11.2, "product_variant": "65 g", "quantity_info": [[65.0, "g"]], "image_url": "/media/uploads/public/267/363/996363-5e035-product_list.jpg", "unit_price_raw": "kr 172,31 per kg", "product_url": "https://kolonial.no/produkter/6460-mollerens-havregrot-energi-65g/", "kolonial_id": "6460"},
  {"category": "Ferdige middagsretter", "category_list": ["Alle varer", "Middager og tilbeh\u00f8r", "Ferdige middagsretter"], "title": "Bacon & Brokkolipai", "price": 45.9, "product_variant": "220 g", "quantity_info": [[220.0, "g"]], "image_url": "/media/uploads/public/232/115/966915-a40cc-product_list.jpg", "unit_price_raw": "kr 208,64 per kg", "product_url": "https://kolonial.no/produkter/4096-stabburet-bacon-brokkolipai/", "kolonial_id": "4096"},
  {"category": "Ferdigsauser", "category_list": ["Alle varer", "Middager og tilbeh\u00f8r", "Ferdigsauser"], "title": "Sweet & Sour Saus", "price": 17.9, "product_variant": "500 g", "quantity_info": [[500.0, "g"]], "image_url": "/media/uploads/public/188/217/966217-f2089-product_list.jpg", "unit_price_raw": "kr 35,80 per kg", "product_url": "https://kolonial.no/produkter/8468-rema-1000-sweet-sour-saus-500g/", "kolonial_id": "8468"},
  {"category": "Gr\u00f8nnsaker", "category_list": ["Alle varer", "Frukt og gr\u00f8nt", "Gr\u00f8nnsaker"], "title": "Sitrongress", "price": 25.9, "product_variant": "Thailand, 50 g", "quantity_info": [[50.0, "g"]], "image_url": "/media/uploads/public/125/146/152146-87491-product_list.jpg", "unit_price_raw": "kr 518,00 per kg", "product_url": "https://kolonial.no/produkter/24537-sitrongress/", "kolonial_id": "24537"},
  {"category": "Smoothie, yoghurt og mellomm\u00e5ltid", "category_list": ["Alle varer", "Barneprodukter", "Smoothie, yoghurt og mellomm\u00e5ltid"], "title": "Organix Mango, P\u00e6re & Granola", "price": 19.6, "product_variant": "Fra 6 mnd, 100 g", "quantity_info": [[6.0, "mnd"], [100.0, "g"]], "image_url": "/media/uploads/public/62/387/972787-feb76-product_list.jpg", "unit_price_raw": "kr 196,00 per kg", "product_url": "https://kolonial.no/produkter/26741-semper-organix-mango-paere-granola-fra-6-mnd/", "kolonial_id": "26741"},
  {"category": "Syltet\u00f8y", "category_list": ["Alle varer", "P\u00e5legg", "Syltet\u00f8y"], "title": "Marmelade til Camembert", "price": 43.7, "product_variant": "120 g", "quantity_info": [[120.0, "g"]], "image_url": "/media/uploads/public/220/122/969722-9ed03-product_list.jpg", "unit_price_raw": "kr 364,17 per kg", "product_url": "https://kolonial.no/produkter/18547-lesgards-marmelade-til-camembert/", "kolonial_id": "18547"},
  {"category": "Syltet\u00f8y", "category_list": ["Alle varer", "P\u00e5legg", "Syltet\u00f8y"], "title": "Marmelade til Ch\u00e8vre", "price": 51.4, "product_variant": "120 g", "quantity_info": [[120.0, "g"]], "image_url": "/media/uploads/public/252/178/969778-baebf-product_list.jpg", "unit_price_raw": "kr 428,33 per kg", "product_url": "https://kolonial.no/produkter/18550-lesgards-marmelade-til-chevre/", "kolonial_id": "18550"},
  {"category": "Kj\u00f8tt- og kyllingp\u00e5legg", "category_list": ["Alle varer", "P\u00e5legg", "Kj\u00f8tt- og kyllingp\u00e5legg"], "title": "Provencefilet V\u00e5rt Fineste", "price": 39.1, "product_variant": "100 g", "quantity_info": [[100.0, "g"]], "image_url": "/media/uploads/public/341/266/972666-56197-product_list.jpg", "unit_price_raw": "kr 391,00 per kg", "product_url": "https://kolonial.no/produkter/24125-gilde-provencefilet-vart-fineste/", "kolonial_id": "24125"},
  {"category": "Spekemat og salami", "category_list": ["Alle varer", "P\u00e5legg", "Spekemat og salami"], "title": "Strandaskinke", "price": 52.5, "product_variant": "150 g", "quantity_info": [[150.0, "g"]], "image_url": "/media/uploads/public/220/48/990048-4355e-product_list.jpg", "unit_price_raw": "kr 350,00 per kg", "product_url": "https://kolonial.no/produkter/4717-stranda-strandaskinke-150g/", "kolonial_id": "4717"},
  {"category": "Spekemat og salami", "category_list": ["Alle varer", "P\u00e5legg", "Spekemat og salami"], "title": "Fenal\u00e5r", "price": 59.7, "product_variant": "100 g", "quantity_info": [[100.0, "g"]], "image_url": "/media/uploads/public/323/162/968962-96b4a-product_list.jpg", "unit_price_raw": "kr 597,00 per kg", "product_url": "https://kolonial.no/produkter/4552-stranda-fenalar/", "kolonial_id": "4552"},
  {"category": "Yoghurt", "category_list": ["Alle varer", "Melk, meieriprodukter og egg", "Yoghurt"], "title": "Yoghurt Fyldig Vanilje", "price": 27.9, "product_variant": "380 g", "quantity_info": [[380.0, "g"]], "image_url": "/media/uploads/public/0/344/93544-e813a-product_list.jpg", "unit_price_raw": "kr 73,42 per kg", "product_url": "https://kolonial.no/produkter/21544-tine-yoghurt-fyldig-vanilje/", "kolonial_id": "21544"},
  {"category": "Yoghurt", "category_list": ["Alle varer", "Melk, meieriprodukter og egg", "Yoghurt"], "title": "Biola Yoghurt Mild Med Fiber", "price": 22.1, "product_variant": "500 g", "quantity_info": [[500.0, "g"]], "image_url": "/media/uploads/public/0/62/6862-2a71b-product_list.jpg", "unit_price_raw": "kr 44,20 per kg", "product_url": "https://kolonial.no/produkter/8050-tine-biola-yoghurt-mild-med-fiber-500g/", "kolonial_id": "8050"},
  {"category": "Te", "category_list": ["Alle varer", "Drikkevarer", "Te"], "title": "Infuso Lemon & Ginger", "price": 57.9, "product_variant": "20 stk", "quantity_info": [[20.0, "stk"]], "image_url": "/media/uploads/public/315/255/1011855-561d9-product_list.jpg", "unit_price_raw": "kr 2,90 per stk", "product_url": "https://kolonial.no/produkter/28074-twinings-infuso-lemon-ginger/", "kolonial_id": "28074"},
  {"category": "Kaffe", "category_list": ["Alle varer", "Drikkevarer", "Kaffe"], "title": "Illy Espressokaffe", "price": 79.8, "product_variant": "250 g", "quantity_info": [[250.0, "g"]], "image_url": "/media/uploads/public/247/240/971840-57325-product_list.jpg", "unit_price_raw": "kr 319,20 per kg", "product_url": "https://kolonial.no/produkter/24075-illy-espressokaffe/", "kolonial_id": "24075"},
  {"category": "Spesialoster", "category_list": ["Alle varer", "Oster", "Spesialoster"], "title": "Den Leende Ku", "price": 30.8, "product_variant": "8 pakker, 140 g", "quantity_info": [[8.0, "pakker"], [140.0, "g"]], "image_url": "/media/uploads/public/72/141/970541-7fc57-product_list.jpg", "unit_price_raw": "kr 220,00 per kg", "product_url": "https://kolonial.no/produkter/21793-den-leende-ku-8-pakker/", "kolonial_id": "21793"},
  {"category": "Brus", "category_list": ["Alle varer", "Drikkevarer", "Brus"], "title": "Solo Super Appelsin & Jordb\u00e6r", "price": 26.8, "product_variant": "0,5 l", "quantity_info": [[0.5, "l"]], "image_url": "/media/uploads/public/136/112/505312-a787c-product_list.jpg", "unit_price_raw": "kr 53,60 per l", "product_url": "https://kolonial.no/produkter/19891-solo-solo-super-appelsin-jordbaer/", "kolonial_id": "19891"},
  {"category": "Brus", "category_list": ["Alle varer", "Drikkevarer", "Brus"], "title": "Fanta Orange", "price": 23.9, "product_variant": "0,5 l", "quantity_info": [[0.5, "l"]], "image_url": "/media/uploads/public/155/312/968312-5c51a-product_list.jpg", "unit_price_raw": "kr 47,80 per l", "product_url": "https://kolonial.no/produkter/513-fanta-orange-0-5l/", "kolonial_id": "513"},
  {"category": "Melk", "category_list": ["Alle varer", "Melk, meieriprodukter og egg", "Melk"], "title": "Soyadrikk Sjokolade", "price": 30.0, "product_variant": "1 l", "quantity_info": [[1.0, "l"]], "image_url": "/media/uploads/public/0/345/13145-d4bc3-product_list.jpg", "unit_price_raw": "kr 30,00 per l", "product_url": "https://kolonial.no/produkter/9812-alpro-soyadrikk-sjokolade-1l/", "kolonial_id": "9812"},
  {"category": "Krydder", "category_list": ["Alle varer", "Olje og krydder", "Krydder"], "title": "Hvitl\u00f8kpepper", "price": 30.7, "product_variant": "Hel, 82 g", "quantity_info": [[82.0, "g"]], "image_url": "/media/uploads/public/395/71/965671-150ee-product_list.jpg", "unit_price_raw": "kr 374,39 per kg", "product_url": "https://kolonial.no/produkter/6235-toro-hvitlokpepper-hel-74g/", "kolonial_id": "6235"},
  {"category": "Krydder", "category_list": ["Alle varer", "Olje og krydder", "Krydder"], "title": "Pepper Sort Malt", "price": 41.5, "product_variant": "69 g", "quantity_info": [[69.0, "g"]], "image_url": "/media/uploads/public/25/393/965593-a0dbe-product_list.jpg", "unit_price_raw": "kr 601,45 per kg", "product_url": "https://kolonial.no/produkter/6385-toro-pepper-sort-malt-69g/", "kolonial_id": "6385"},
  {"category": "Baketilbeh\u00f8r", "category_list": ["Alle varer", "Mel og bakeingredienser", "Baketilbeh\u00f8r"], "title": "Gelatinpulver", "price": 13.0, "product_variant": "25 g", "quantity_info": [[25.0, "g"]], "image_url": "/media/uploads/public/214/396/972796-efe6c-product_list.jpg", "unit_price_raw": "kr 520,00 per kg", "product_url": "https://kolonial.no/produkter/1732-idun-gelatinpulver-25g/", "kolonial_id": "1732"},
  {"category": "Oljer og dressinger", "category_list": ["Alle varer", "Olje og krydder", "Oljer og dressinger"], "title": "Dressingmix Gresk", "price": 15.9, "product_variant": "30 g", "quantity_info": [[30.0, "g"]], "image_url": "/media/uploads/public/350/87/969287-554f2-product_list.jpg", "unit_price_raw": "kr 530,00 per kg", "product_url": "https://kolonial.no/produkter/7621-knorr-dressingmix-gresk-30g/", "kolonial_id": "7621"},
  {"category": "Knekkebr\u00f8d", "category_list": ["Alle varer", "Br\u00f8d og frokostblandinger", "Knekkebr\u00f8d"], "title": "Nirus Papadam Orginal", "price": 27.9, "product_variant": "125 g", "quantity_info": [[125.0, "g"]], "image_url": "/media/uploads/public/126/134/971734-15cc6-product_list.jpg", "unit_price_raw": "kr 223,20 per kg", "product_url": "https://kolonial.no/produkter/24012-masalamagic-nirus-papadam-orginal/", "kolonial_id": "24012"},
  {"category": "Knekkebr\u00f8d", "category_list": ["Alle varer", "Br\u00f8d og frokostblandinger", "Knekkebr\u00f8d"], "title": "Papadam med Spisskummen", "price": 28.8, "product_variant": "125 g", "quantity_info": [[125.0, "g"]], "image_url": "/media/uploads/public/287/136/971736-930d3-product_list.jpg", "unit_price_raw": "kr 230,40 per kg", "product_url": "https://kolonial.no/produkter/24011-masalamagic-papadam-med-spisskummen/", "kolonial_id": "24011"},
  {"category": "Pasta og nudler", "category_list": ["Alle varer", "Middager og tilbeh\u00f8r", "Pasta og nudler"], "title": "Eggnudler N\u00f8ste", "price": 46.9, "product_variant": "250 g", "quantity_info": [[250.0, "g"]], "image_url": "/media/uploads/public/170/126/972926-499fd-product_list.jpg", "unit_price_raw": "kr 187,60 per kg", "product_url": "https://kolonial.no/produkter/26879-go-tan-eggnudler-noste/", "kolonial_id": "26879"},
  {"category": "Hermetisert frukt og gr\u00f8nt", "category_list": ["Alle varer", "Frukt og gr\u00f8nt", "Hermetisert frukt og gr\u00f8nt"], "title": "Oliven Gr\u00f8nn Uten Sten", "price": 19.9, "product_variant": "340 g", "quantity_info": [[340.0, "g"]], "image_url": "/media/uploads/public/378/307/971907-634b8-product_list.jpg", "unit_price_raw": "kr 58,53 per kg", "product_url": "https://kolonial.no/produkter/16305-rema-1000-oliven-gronn-uten-sten/", "kolonial_id": "16305"},
  {"category": "Hermetisert frukt og gr\u00f8nt", "category_list": ["Alle varer", "Frukt og gr\u00f8nt", "Hermetisert frukt og gr\u00f8nt"], "title": "Ananas i Skiver 3-pk", "price": 23.4, "product_variant": "681 g", "quantity_info": [[681.0, "g"]], "image_url": "/media/uploads/public/254/118/972518-3b7b6-product_list.jpg", "unit_price_raw": "kr 34,36 per kg", "product_url": "https://kolonial.no/produkter/8692-rema-1000-ananas-i-skiver-3-pk-680g/", "kolonial_id": "8692"},
  {"category": "Ferdigsauser", "category_list": ["Alle varer", "Middager og tilbeh\u00f8r", "Ferdigsauser"], "title": "Tandoori Saus", "price": 47.2, "product_variant": "360 g", "quantity_info": [[360.0, "g"]], "image_url": "/media/uploads/public/128/168/967368-c1804-product_list.jpg", "unit_price_raw": "kr 131,11 per kg", "product_url": "https://kolonial.no/produkter/10721-saritas-tandoori-saus-360g/", "kolonial_id": "10721"},
  {"category": "Gr\u00f8nnsaker", "category_list": ["Alle varer", "Frukt og gr\u00f8nt", "Gr\u00f8nnsaker"], "title": "Sellerirot", "price": 28.0, "product_variant": "1 stk Norge, 500 g", "quantity_info": [[1.0, "stkNorge"], [500.0, "g"]], "image_url": "/media/uploads/public/0/266/3466-179ce-product_list.jpg", "unit_price_raw": "kr 56,00 per kg", "product_url": "https://kolonial.no/produkter/9449-sellerirot-1-stk/", "kolonial_id": "9449"},
  {"category": "Smoothie, yoghurt og mellomm\u00e5ltid", "category_list": ["Alle varer", "Barneprodukter", "Smoothie, yoghurt og mellomm\u00e5ltid"], "title": "Sprett Yoghurt", "price": 11.9, "product_variant": "Bl\u00e5b\u00e6r, 90 g", "quantity_info": [[90.0, "g"]], "image_url": "/media/uploads/public/115/0/1012400-71fe1-product_list.jpg", "unit_price_raw": "kr 132,22 per kg", "product_url": "https://kolonial.no/produkter/28082-tine-sprett-yoghurt-blabaer/", "kolonial_id": "28082"},
  {"category": "Syltet\u00f8y", "category_list": ["Alle varer", "P\u00e5legg", "Syltet\u00f8y"], "title": "Marmelade til Fast Ost", "price": 46.0, "product_variant": "120 g", "quantity_info": [[120.0, "g"]], "image_url": "/media/uploads/public/0/236/64636-ba7f6-product_list.jpg", "unit_price_raw": "kr 383,33 per kg", "product_url": "https://kolonial.no/produkter/18559-lesgards-marmelade-til-fast-ost/", "kolonial_id": "18559"},
  {"category": "Syltet\u00f8y", "category_list": ["Alle varer", "P\u00e5legg", "Syltet\u00f8y"], "title": "Marmelade til Manchego", "price": 46.0, "product_variant": "120 g", "quantity_info": [[120.0, "g"]], "image_url": "/media/uploads/public/0/239/64639-418cf-product_list.jpg", "unit_price_raw": "kr 383,33 per kg", "product_url": "https://kolonial.no/produkter/18556-lesgards-marmelade-til-manchego/", "kolonial_id": "18556"},
  {"category": "Spekemat og salami", "category_list": ["Alle varer", "P\u00e5legg", "Spekemat og salami"], "title": "Fenal\u00e5r Brett", "price": 164.9, "product_variant": "300 g", "quantity_info": [[300.0, "g"]], "image_url": "/media/uploads/public/210/292/966692-9900b-product_list.jpg", "unit_price_raw": "kr 549,67 per kg", "product_url": "https://kolonial.no/produkter/4462-stranda-fenalar-brett/", "kolonial_id": "4462"},
  {"category": "Spekemat og salami", "category_list": ["Alle varer", "P\u00e5legg", "Spekemat og salami"], "title": "Strandam\u00f8r Snabb", "price": 52.0, "product_variant": "200 g", "quantity_info": [[200.0, "g"]], "image_url": "/media/uploads/public/75/392/972392-9e3ee-product_list.jpg", "unit_price_raw": "kr 260,00 per kg", "product_url": "https://kolonial.no/produkter/16921-stranda-strandamor-snabb/", "kolonial_id": "16921"},
  {"category": "Yoghurt", "category_list": ["Alle varer", "Melk, meieriprodukter og egg", "Yoghurt"], "title": "Yoghurt", "price": 21.1, "product_variant": "Laktosefri, 500 g", "quantity_info": [[500.0, "g"]], "image_url": "/media/uploads/public/0/1/1201-9cecb-product_list.jpg", "unit_price_raw": "kr 42,20 per kg", "product_url": "https://kolonial.no/produkter/1321-tine-yoghurt-laktosefri-500g/", "kolonial_id": "1321"},
  {"category": "Yoghurt", "category_list": ["Alle varer", "Melk, meieriprodukter og egg", "Yoghurt"], "title": "Gresk Yoghurt Vanilje", "price": 33.5, "product_variant": "350 g", "quantity_info": [[350.0, "g"]], "image_url": "/media/uploads/public/210/318/973918-4a54b-product_list.jpg", "unit_price_raw": "kr 95,71 per kg", "product_url": "https://kolonial.no/produkter/8813-synnove-gresk-yoghurt-vanilje-350g/", "kolonial_id": "8813"},
  {"category": "Te", "category_list": ["Alle varer", "Drikkevarer", "Te"], "title": "Ginger & Lime-te", "price": 60.9, "product_variant": "Infuso, 20 stk", "quantity_info": [[20.0, "stk"]], "image_url": "/media/uploads/public/313/353/699153-e0397-product_list.jpg", "unit_price_raw": "kr 3,05 per stk", "product_url": "https://kolonial.no/produkter/27409-twinings-ginger-lime-te-infuso/", "kolonial_id": "27409"},
  {"category": "Te", "category_list": ["Alle varer", "Drikkevarer", "Te"], "title": "Raspberry & Pomegranat-te", "price": 57.8, "product_variant": "Infuso, 20 stk", "quantity_info": [[20.0, "stk"]], "image_url": "/media/uploads/public/374/354/699154-abc5a-product_list.jpg", "unit_price_raw": "kr 2,89 per stk", "product_url": "https://kolonial.no/produkter/27410-twinings-raspberry-pomegranat-te-infuso/", "kolonial_id": "27410"},
  {"category": "Kaffe", "category_list": ["Alle varer", "Drikkevarer", "Kaffe"], "title": "Friele Instant Gull Glass", "price": 73.8, "product_variant": "200 g", "quantity_info": [[200.0, "g"]], "image_url": "/media/uploads/public/60/52/402852-54e28-product_list.jpg", "unit_price_raw": "kr 369,00 per kg", "product_url": "https://kolonial.no/produkter/26051-friele-friele-instant-gull-glass/", "kolonial_id": "26051"},
  {"category": "Kaffe", "category_list": ["Alle varer", "Drikkevarer", "Kaffe"], "title": "Friele Instant Gull Refil", "price": 38.8, "product_variant": "100 g", "quantity_info": [[100.0, "g"]], "image_url": "/media/uploads/public/343/51/402851-41346-product_list.jpg", "unit_price_raw": "kr 388,00 per kg", "product_url": "https://kolonial.no/produkter/26050-friele-friele-instant-gull-refil/", "kolonial_id": "26050"},
  {"category": "Spesialoster", "category_list": ["Alle varer", "Oster", "Spesialoster"], "title": "Fryd Cr\u00e8me Aprikos", "price": 43.9, "product_variant": "1 stk", "quantity_info": [[1.0, "stk"]], "image_url": "/media/uploads/public/0/57/90457-64373-product_list.jpg", "unit_price_raw": "kr 43,90 per stk", "product_url": "https://kolonial.no/produkter/21265-tine-fryd-creme-aprikos/", "kolonial_id": "21265"},
  {"category": "Spesialoster", "category_list": ["Alle varer", "Oster", "Spesialoster"], "title": "Fryd Cr\u00e8me Pepper", "price": 46.6, "product_variant": "150 g", "quantity_info": [[150.0, "g"]], "image_url": "/media/uploads/public/0/54/90454-7c91e-product_list.jpg", "unit_price_raw": "kr 310,67 per kg", "product_url": "https://kolonial.no/produkter/21262-tine-fryd-creme-pepper/", "kolonial_id": "21262"},
  {"category": "Brus", "category_list": ["Alle varer", "Drikkevarer", "Brus"], "title": "Fanta Zero Orange", "price": 25.7, "product_variant": "0,5 l", "quantity_info": [[0.5, "l"]], "image_url": "/media/uploads/public/387/309/968309-a71af-product_list.jpg", "unit_price_raw": "kr 51,40 per l", "product_url": "https://kolonial.no/produkter/511-fanta-zero-orange-0-5l/", "kolonial_id": "511"},
  {"category": "Melk", "category_list": ["Alle varer", "Melk, meieriprodukter og egg", "Melk"], "title": "Soyadrikk Us\u00f8tet", "price": 26.1, "product_variant": "1 l", "quantity_info": [[1.0, "l"]], "image_url": "/media/uploads/public/82/257/972257-a4c2e-product_list.jpg", "unit_price_raw": "kr 26,10 per l", "product_url": "https://kolonial.no/produkter/3508-alpro-soyadrikk-usotet-1l/", "kolonial_id": "3508"},
  {"category": "Krydder", "category_list": ["Alle varer", "Olje og krydder", "Krydder"], "title": "Persille T\u00f8rket", "price": 42.4, "product_variant": "15 g", "quantity_info": [[15.0, "g"]], "image_url": "/media/uploads/public/265/344/965544-8d570-product_list.jpg", "unit_price_raw": "kr 2826,67 per kg", "product_url": "https://kolonial.no/produkter/6208-toro-persille-torket-15g/", "kolonial_id": "6208"},
  {"category": "Krydder", "category_list": ["Alle varer", "Olje og krydder", "Krydder"], "title": "Piffikrydder", "price": 31.0, "product_variant": "135 g", "quantity_info": [[135.0, "g"]], "image_url": "/media/uploads/public/307/342/965542-42d4f-product_list.jpg", "unit_price_raw": "kr 229,63 per kg", "product_url": "https://kolonial.no/produkter/6199-toro-piffikrydder-135g/", "kolonial_id": "6199"},
  {"category": "Shampo og h\u00e5rprodukter", "category_list": ["Alle varer", "Shampo, s\u00e5pe og krem", "Shampo og h\u00e5rprodukter"], "title": "10 Minutter Linicin Shampoo", "price": 200.9, "product_variant": "Mot Lus, 100 ml", "quantity_info": [[100.0, "ml"]], "image_url": "/media/uploads/public/160/32/127232-63ae1-product_list.jpg", "unit_price_raw": "kr 2009,00 per l", "product_url": "https://kolonial.no/produkter/23431-10-minutter-linicin-shampoo-mot-lus/", "kolonial_id": "23431"},
  {"category": "Baketilbeh\u00f8r", "category_list": ["Alle varer", "Mel og bakeingredienser", "Baketilbeh\u00f8r"], "title": "Gims\u00f8y Sitronsyre", "price": 15.9, "product_variant": "23 g", "quantity_info": [[23.0, "g"]], "image_url": "/media/uploads/public/251/17/972817-1a604-product_list.jpg", "unit_price_raw": "kr 691,30 per kg", "product_url": "https://kolonial.no/produkter/14368-gimsoy-gimsoy-sitronsyre/", "kolonial_id": "14368"},
  {"category": "Knekkebr\u00f8d", "category_list": ["Alle varer", "Br\u00f8d og frokostblandinger", "Knekkebr\u00f8d"], "title": "Crisp Erterflatbr\u00f8d", "price": 31.4, "product_variant": "200 g", "quantity_info": [[200.0, "g"]], "image_url": "/media/uploads/public/339/137/201737-f7bfc-product_list.jpg", "unit_price_raw": "kr 157,00 per kg", "product_url": "https://kolonial.no/produkter/25401-holmen-crisp-erterflatbrod/", "kolonial_id": "25401"},
  {"category": "Knekkebr\u00f8d", "category_list": ["Alle varer", "Br\u00f8d og frokostblandinger", "Knekkebr\u00f8d"], "title": "Kornmo Bakte Knekkebr\u00f8d Chia", "price": 32.9, "product_variant": "1 stk", "quantity_info": [[1.0, "stk"]], "image_url": "/media/uploads/public/336/16/980816-75298-product_list.jpg", "unit_price_raw": "kr 32,90 per stk", "product_url": "https://kolonial.no/produkter/27951-saetre-kornmo-bakte-knekkebrod-chia/", "kolonial_id": "27951"},
  {"category": "Pasta og nudler", "category_list": ["Alle varer", "Middager og tilbeh\u00f8r", "Pasta og nudler"], "title": "Eggnudler", "price": 52.9, "product_variant": "\u00d8kologisk, 250 g", "quantity_info": [[250.0, "g"]], "image_url": "/media/uploads/public/163/206/973006-ac73f-product_list.jpg", "unit_price_raw": "kr 211,60 per kg", "product_url": "https://kolonial.no/produkter/26880-go-tan-eggnudler-okologisk/", "kolonial_id": "26880"},
  {"category": "Pasta og nudler", "category_list": ["Alle varer", "Middager og tilbeh\u00f8r", "Pasta og nudler"], "title": "Go-Tan Risnudler Miehoen", "price": 46.1, "product_variant": "250 g", "quantity_info": [[250.0, "g"]], "image_url": "/media/uploads/public/20/125/972925-30398-product_list.jpg", "unit_price_raw": "kr 184,40 per kg", "product_url": "https://kolonial.no/produkter/26878-go-tan-go-tan-risnudler-miehoen/", "kolonial_id": "26878"},
  {"category": "Ferdige middagsretter", "category_list": ["Alle varer", "Middager og tilbeh\u00f8r", "Ferdige middagsretter"], "title": "Laks og Pasta", "price": 50.5, "product_variant": "350 g", "quantity_info": [[350.0, "g"]], "image_url": "/media/uploads/public/224/117/138917-2253f-product_list.jpg", "unit_price_raw": "kr 144,29 per kg", "product_url": "https://kolonial.no/produkter/21640-laks-og-pasta-1-stk/", "kolonial_id": "21640"},
  {"category": "Ferdigsauser", "category_list": ["Alle varer", "Middager og tilbeh\u00f8r", "Ferdigsauser"], "title": "Korma Karrisaus", "price": 28.9, "product_variant": "350 g", "quantity_info": [[350.0, "g"]], "image_url": "/media/uploads/public/164/399/967999-7e999-product_list.jpg", "unit_price_raw": "kr 82,57 per kg", "product_url": "https://kolonial.no/produkter/13783-rema-1000-korma-karrisaus-350g/", "kolonial_id": "13783"},
  {"category": "Gr\u00f8nnsaker", "category_list": ["Alle varer", "Frukt og gr\u00f8nt", "Gr\u00f8nnsaker"], "title": "K\u00e5lrot", "price": 11.9, "product_variant": "Norge, 1,2 kg", "quantity_info": [[1.2, "kg"]], "image_url": "/media/uploads/public/0/245/3445-45e5f-product_list.jpg", "unit_price_raw": "kr 9,92 per kg", "product_url": "https://kolonial.no/produkter/9359-kalrot-norge/", "kolonial_id": "9359"},
  {"category": "Gr\u00f8nnsaker", "category_list": ["Alle varer", "Frukt og gr\u00f8nt", "Gr\u00f8nnsaker"], "title": "K\u00e5lrot", "price": 30.9, "product_variant": "\u00d8kologisk, 1 stk", "quantity_info": [[1.0, "stk"]], "image_url": "/media/uploads/public/0/245/3445-45e5f-product_list.jpg", "unit_price_raw": "kr 30,90 per kg", "product_url": "https://kolonial.no/produkter/19456-kalrot-okologisk/", "kolonial_id": "19456"},
  {"category": "Syltet\u00f8y", "category_list": ["Alle varer", "P\u00e5legg", "Syltet\u00f8y"], "title": "Marmelade til Roquefort", "price": 50.7, "product_variant": "120 g", "quantity_info": [[120.0, "g"]], "image_url": "/media/uploads/public/237/133/969733-baf29-product_list.jpg", "unit_price_raw": "kr 422,50 per kg", "product_url": "https://kolonial.no/produkter/18553-lesgards-marmelade-til-roquefort/", "kolonial_id": "18553"},
  {"category": "Syltet\u00f8y", "category_list": ["Alle varer", "P\u00e5legg", "Syltet\u00f8y"], "title": "Eplemos", "price": 23.9, "product_variant": "\u00d8kologisk, 360 g", "quantity_info": [[360.0, "g"]], "image_url": "/media/uploads/public/0/391/83191-11f00-product_list.jpg", "unit_price_raw": "kr 66,39 per kg", "product_url": "https://kolonial.no/produkter/20251-helios-eplemos-okologisk/", "kolonial_id": "20251"},
  {"category": "Kj\u00f8tt- og kyllingp\u00e5legg", "category_list": ["Alle varer", "P\u00e5legg", "Kj\u00f8tt- og kyllingp\u00e5legg"], "title": "Kalverullade", "price": 26.7, "product_variant": "110 g", "quantity_info": [[110.0, "g"]], "image_url": "/media/uploads/public/357/45/373245-983fd-product_list.jpg", "unit_price_raw": "kr 242,73 per kg", "product_url": "https://kolonial.no/produkter/26000-gilde-kalverullade/", "kolonial_id": "26000"},
  {"category": "Spekemat og salami", "category_list": ["Alle varer", "P\u00e5legg", "Spekemat og salami"], "title": "Haugp\u00f8lse Skivet", "price": 51.4, "product_variant": "150 g", "quantity_info": [[150.0, "g"]], "image_url": "/media/uploads/public/384/297/969097-5a8ba-product_list.jpg", "unit_price_raw": "kr 342,67 per kg", "product_url": "https://kolonial.no/produkter/17413-gilde-haugpolse-skivet/", "kolonial_id": "17413"},
  {"category": "Spekemat og salami", "category_list": ["Alle varer", "P\u00e5legg", "Spekemat og salami"], "title": "Svartp\u00f8lse", "price": 32.5, "product_variant": "100 g", "quantity_info": [[100.0, "g"]], "image_url": "/media/uploads/public/332/29/970029-4600b-product_list.jpg", "unit_price_raw": "kr 325,00 per kg", "product_url": "https://kolonial.no/produkter/4375-grilstad-svartpolse-100g/", "kolonial_id": "4375"},
  {"category": "Yoghurt", "category_list": ["Alle varer", "Melk, meieriprodukter og egg", "Yoghurt"], "title": "Yoghurt Jordb\u00e6r", "price": 18.4, "product_variant": "500 g", "quantity_info": [[500.0, "g"]], "image_url": "/media/uploads/public/0/331/96331-8e689-product_list.jpg", "unit_price_raw": "kr 36,80 per kg", "product_url": "https://kolonial.no/produkter/12136-tine-yoghurt-jordbaer-420g/", "kolonial_id": "12136"},
  {"category": "Yoghurt", "category_list": ["Alle varer", "Melk, meieriprodukter og egg", "Yoghurt"], "title": "Yoghurt Naturell", "price": 12.4, "product_variant": "500 g", "quantity_info": [[500.0, "g"]], "image_url": "/media/uploads/public/0/337/108337-e387f-product_list.jpg", "unit_price_raw": "kr 24,80 per kg", "product_url": "https://kolonial.no/produkter/840-tine-yoghurt-naturell-420g/", "kolonial_id": "840"},
  {"category": "Te", "category_list": ["Alle varer", "Drikkevarer", "Te"], "title": "Strawberry & Mango-te", "price": 60.9, "product_variant": "Infuso, 20 stk", "quantity_info": [[20.0, "stk"]], "image_url": "/media/uploads/public/43/351/699151-e86ad-product_list.jpg", "unit_price_raw": "kr 3,05 per stk", "product_url": "https://kolonial.no/produkter/27406-twinings-strawberry-mango-te-infuso/", "kolonial_id": "27406"},
  {"category": "Kaffe", "category_list": ["Alle varer", "Drikkevarer", "Kaffe"], "title": "Instantkaffe", "price": 63.8, "product_variant": "200 g", "quantity_info": [[200.0, "g"]], "image_url": "/media/uploads/public/118/349/972349-82f0d-product_list.jpg", "unit_price_raw": "kr 319,00 per kg", "product_url": "https://kolonial.no/produkter/15130-kjeldsberg-kaffebrenneri-instantkaffe-200g/", "kolonial_id": "15130"},
  {"category": "Spesialoster", "category_list": ["Alle varer", "Oster", "Spesialoster"], "title": "Parmigiano Reggiano Stick", "price": 39.9, "product_variant": "Michelangelo, 125 g", "quantity_info": [[125.0, "g"]], "image_url": "/media/uploads/public/36/95/972095-7f17e-product_list.jpg", "unit_price_raw": "kr 319,20 per kg", "product_url": "https://kolonial.no/produkter/23883-parmigiano-reggiano-stick-michelangelo/", "kolonial_id": "23883"},
  {"category": "Spesialoster", "category_list": ["Alle varer", "Oster", "Spesialoster"], "title": "Pultost Hedemark", "price": 62.7, "product_variant": "230 g", "quantity_info": [[230.0, "g"]], "image_url": "/media/uploads/public/54/296/966696-c55f5-product_list.jpg", "unit_price_raw": "kr 272,61 per kg", "product_url": "https://kolonial.no/produkter/12289-tine-pultost-hedemark/", "kolonial_id": "12289"},
  {"category": "Brus", "category_list": ["Alle varer", "Drikkevarer", "Brus"], "title": "Urge", "price": 28.9, "product_variant": "0,5 l", "quantity_info": [[0.5, "l"]], "image_url": "/media/uploads/public/84/317/968317-9e976-product_list.jpg", "unit_price_raw": "kr 57,80 per l", "product_url": "https://kolonial.no/produkter/475-coca-cola-urge-0-5l/", "kolonial_id": "475"},
  {"category": "Brus", "category_list": ["Alle varer", "Drikkevarer", "Brus"], "title": "Fanta Exotic", "price": 24.4, "product_variant": "0,5 l", "quantity_info": [[0.5, "l"]], "image_url": "/media/uploads/public/86/276/973876-76b45-product_list.jpg", "unit_price_raw": "kr 48,80 per l", "product_url": "https://kolonial.no/produkter/7939-fanta-fanta-exotic-050l/", "kolonial_id": "7939"},
  {"category": "Krydder", "category_list": ["Alle varer", "Olje og krydder", "Krydder"], "title": "Provencekrydder", "price": 43.9, "product_variant": "21 g", "quantity_info": [[21.0, "g"]], "image_url": "/media/uploads/public/383/285/965485-495bd-product_list.jpg", "unit_price_raw": "kr 2090,48 per kg", "product_url": "https://kolonial.no/produkter/6064-toro-provencekrydder-21g/", "kolonial_id": "6064"},
  {"category": "Shampo og h\u00e5rprodukter", "category_list": ["Alle varer", "Shampo, s\u00e5pe og krem", "Shampo og h\u00e5rprodukter"], "title": "Shampo", "price": 11.9, "product_variant": "500 ml", "quantity_info": [[500.0, "ml"]], "image_url": "/media/uploads/public/137/253/966253-65a69-product_list.jpg", "unit_price_raw": "kr 23,80 per l", "product_url": "https://kolonial.no/produkter/5233-soft-style-shampo-500ml/", "kolonial_id": "5233"},
  {"category": "Shampo og h\u00e5rprodukter", "category_list": ["Alle varer", "Shampo, s\u00e5pe og krem", "Shampo og h\u00e5rprodukter"], "title": "Balsam", "price": 14.2, "product_variant": "500 ml", "quantity_info": [[500.0, "ml"]], "image_url": "/media/uploads/public/189/266/966266-75dfc-product_list.jpg", "unit_price_raw": "kr 28,40 per l", "product_url": "https://kolonial.no/produkter/5251-soft-style-balsam-500ml/", "kolonial_id": "5251"},
  {"category": "Oljer og dressinger", "category_list": ["Alle varer", "Olje og krydder", "Oljer og dressinger"], "title": "Fransk Dressing", "price": 46.3, "product_variant": "265 g", "quantity_info": [[265.0, "g"]], "image_url": "/media/uploads/public/221/54/965254-56249-product_list.jpg", "unit_price_raw": "kr 174,72 per kg", "product_url": "https://kolonial.no/produkter/10643-idun-fransk-dressing-265g/", "kolonial_id": "10643"},
  {"category": "Knekkebr\u00f8d", "category_list": ["Alle varer", "Br\u00f8d og frokostblandinger", "Knekkebr\u00f8d"], "title": "Din Stund Chia & Havsalt", "price": 33.9, "product_variant": "260 g", "quantity_info": [[260.0, "g"]], "image_url": "/media/uploads/public/317/137/1009337-b01f3-product_list.jpg", "unit_price_raw": "kr 130,38 per kg", "product_url": "https://kolonial.no/produkter/27961-wasa-din-stund-chia-havsalt/", "kolonial_id": "27961"},
  {"category": "Knekkebr\u00f8d", "category_list": ["Alle varer", "Br\u00f8d og frokostblandinger", "Knekkebr\u00f8d"], "title": "Grovkrisp med Sesamfr\u00f8", "price": 29.9, "product_variant": "170 g", "quantity_info": [[170.0, "g"]], "image_url": "/media/uploads/public/298/245/1011845-84105-product_list.jpg", "unit_price_raw": "kr 175,88 per kg", "product_url": "https://kolonial.no/produkter/28069-synnove-grovkrisp-med-sesamfro/", "kolonial_id": "28069"},
  {"category": "Pasta og nudler", "category_list": ["Alle varer", "Middager og tilbeh\u00f8r", "Pasta og nudler"], "title": "Fusilli Uten", "price": 27.7, "product_variant": "Glutenfri, 500 g", "quantity_info": [[500.0, "g"]], "image_url": "/media/uploads/public/397/126/296126-625d8-product_list.jpg", "unit_price_raw": "kr 55,40 per kg", "product_url": "https://kolonial.no/produkter/25258-rema-1000-fusilli-uten-glutenfri/", "kolonial_id": "25258"},
  {"category": "Ferdigsauser", "category_list": ["Alle varer", "Middager og tilbeh\u00f8r", "Ferdigsauser"], "title": "Tikka Masala Saus", "price": 28.5, "product_variant": "350 g", "quantity_info": [[350.0, "g"]], "image_url": "/media/uploads/public/16/4/968004-7293b-product_list.jpg", "unit_price_raw": "kr 81,43 per kg", "product_url": "https://kolonial.no/produkter/13786-rema-1000-tikka-masala-saus-350g/", "kolonial_id": "13786"},
  {"category": "Gr\u00f8nnsaker", "category_list": ["Alle varer", "Frukt og gr\u00f8nt", "Gr\u00f8nnsaker"], "title": "\u00d8kologisk S\u00f8tpotet", "price": 50.9, "product_variant": "USA, ca. 500 g", "quantity_info": [[500.0, "g"]], "image_url": "/media/uploads/public/226/232/137032-bce20-product_list.jpg", "unit_price_raw": "kr 101,80 per kg", "product_url": "https://kolonial.no/produkter/23925-okologisk-sotpotet-usa/", "kolonial_id": "23925"},
  {"category": "Gr\u00f8nnsaker", "category_list": ["Alle varer", "Frukt og gr\u00f8nt", "Gr\u00f8nnsaker"], "title": "Jordskokk", "price": 40.9, "product_variant": "Norge, 350 g", "quantity_info": [[350.0, "g"]], "image_url": "/media/uploads/public/321/145/625345-90c24-product_list.jpg", "unit_price_raw": "kr 116,86 per kg", "product_url": "https://kolonial.no/produkter/26737-jordskokk-norge/", "kolonial_id": "26737"},
  {"category": "Smoothie, yoghurt og mellomm\u00e5ltid", "category_list": ["Alle varer", "Barneprodukter", "Smoothie, yoghurt og mellomm\u00e5ltid"], "title": "Sprett Yoghurt", "price": 11.9, "product_variant": "Jordb\u00e6r, 90 g", "quantity_info": [[90.0, "g"]], "image_url": "/media/uploads/public/31/399/1012399-72d24-product_list.jpg", "unit_price_raw": "kr 132,22 per kg", "product_url": "https://kolonial.no/produkter/28081-sprett-yoghurt-jordbaer-90g-1-stk/", "kolonial_id": "28081"},
  {"category": "Smoothie, yoghurt og mellomm\u00e5ltid", "category_list": ["Alle varer", "Barneprodukter", "Smoothie, yoghurt og mellomm\u00e5ltid"], "title": "Ellas Maizepuffs Gulrot & Pastinakk", "price": 22.2, "product_variant": "Fra 6mnd, 20 g", "quantity_info": [[6.0, "mnd"], [20.0, "g"]], "image_url": "/media/uploads/public/312/215/973815-1406a-product_list.jpg", "unit_price_raw": "kr 1110,00 per kg", "product_url": "https://kolonial.no/produkter/27758-ellas-kitchen-ellas-maizepuffs-gulrot-pastinakk-fr/", "kolonial_id": "27758"},
  {"category": "Syltet\u00f8y", "category_list": ["Alle varer", "P\u00e5legg", "Syltet\u00f8y"], "title": "Fikenmarmelade", "price": 44.3, "product_variant": "\u00d8kologisk, 260 g", "quantity_info": [[260.0, "g"]], "image_url": "/media/uploads/public/0/193/12593-8d401-product_list.jpg", "unit_price_raw": "kr 170,38 per kg", "product_url": "https://kolonial.no/produkter/9623-rigoni-di-asiago-fikenmarmelade-okologisk-260g/", "kolonial_id": "9623"},
  {"category": "Syltet\u00f8y", "category_list": ["Alle varer", "P\u00e5legg", "Syltet\u00f8y"], "title": "Aprikosmarmelade", "price": 44.3, "product_variant": "\u00d8kologisk, 250 g", "quantity_info": [[250.0, "g"]], "image_url": "/media/uploads/public/0/187/12587-dbe3e-product_list.jpg", "unit_price_raw": "kr 177,20 per kg", "product_url": "https://kolonial.no/produkter/9629-rigoni-di-asiago-aprikosmarmelade-okologisk-260g/", "kolonial_id": "9629"},
  {"category": "Kj\u00f8tt- og kyllingp\u00e5legg", "category_list": ["Alle varer", "P\u00e5legg", "Kj\u00f8tt- og kyllingp\u00e5legg"], "title": "Kyllingfilet med Paprika", "price": 23.2, "product_variant": "80 g", "quantity_info": [[80.0, "g"]], "image_url": "/media/uploads/public/115/79/967279-622f1-product_list.jpg", "unit_price_raw": "kr 290,00 per kg", "product_url": "https://kolonial.no/produkter/13582-solvinge-kyllingfilet-med-paprika/", "kolonial_id": "13582"},
  {"category": "Kj\u00f8tt- og kyllingp\u00e5legg", "category_list": ["Alle varer", "P\u00e5legg", "Kj\u00f8tt- og kyllingp\u00e5legg"], "title": "Kyllingp\u00e5legg Naturell", "price": 20.1, "product_variant": "80 g", "quantity_info": [[80.0, "g"]], "image_url": "/media/uploads/public/140/74/296074-57167-product_list.jpg", "unit_price_raw": "kr 251,25 per kg", "product_url": "https://kolonial.no/produkter/25432-solvinge-kyllingpalegg-naturell/", "kolonial_id": "25432"},
  {"category": "Spekemat og salami", "category_list": ["Alle varer", "P\u00e5legg", "Spekemat og salami"], "title": "Dansk Salami", "price": 18.8, "product_variant": "150 g", "quantity_info": [[150.0, "g"]], "image_url": "/media/uploads/public/362/181/966581-b183f-product_list.jpg", "unit_price_raw": "kr 125,33 per kg", "product_url": "https://kolonial.no/produkter/4723-nordfjord-dansk-salami-150g/", "kolonial_id": "4723"},
  {"category": "Spekemat og salami", "category_list": ["Alle varer", "P\u00e5legg", "Spekemat og salami"], "title": "Salchichon Spekep\u00f8lse", "price": 59.7, "product_variant": "225 g", "quantity_info": [[225.0, "g"]], "image_url": "/media/uploads/public/309/71/970871-3a471-product_list.jpg", "unit_price_raw": "kr 265,33 per kg", "product_url": "https://kolonial.no/produkter/23229-taga-salchichon-spekepolse/", "kolonial_id": "23229"},
  {"category": "Yoghurt", "category_list": ["Alle varer", "Melk, meieriprodukter og egg", "Yoghurt"], "title": "Yoghurt Vanilje", "price": 19.6, "product_variant": "500 g", "quantity_info": [[500.0, "g"]], "image_url": "/media/uploads/public/0/42/90442-860f3-product_list.jpg", "unit_price_raw": "kr 39,20 per kg", "product_url": "https://kolonial.no/produkter/82-tine-yoghurt-vanilje-420g/", "kolonial_id": "82"},
  {"category": "Yoghurt", "category_list": ["Alle varer", "Melk, meieriprodukter og egg", "Yoghurt"], "title": "Yoghurt Melon & Pasjon", "price": 20.6, "product_variant": "500 g", "quantity_info": [[500.0, "g"]], "image_url": "/media/uploads/public/0/39/90439-867ec-product_list.jpg", "unit_price_raw": "kr 41,20 per kg", "product_url": "https://kolonial.no/produkter/8158-tine-yoghurt-melon-pasjon/", "kolonial_id": "8158"},
  {"category": "Kaffe", "category_list": ["Alle varer", "Drikkevarer", "Kaffe"], "title": "IsKaffe Brasil", "price": 21.1, "product_variant": "0,33 l", "quantity_info": [[0.33, "l"]], "image_url": "/media/uploads/public/269/158/127358-ec8fb-product_list.jpg", "unit_price_raw": "kr 63,94 per l", "product_url": "https://kolonial.no/produkter/8086-tine-iskaffe-brasil/", "kolonial_id": "8086"},
  {"category": "Spesialoster", "category_list": ["Alle varer", "Oster", "Spesialoster"], "title": "Grana Padano", "price": 55.5, "product_variant": "150 g", "quantity_info": [[150.0, "g"]], "image_url": "/media/uploads/public/94/11/964011-81d40-product_list.jpg", "unit_price_raw": "kr 370,00 per kg", "product_url": "https://kolonial.no/produkter/4369-grana-padano/", "kolonial_id": "4369"},
  {"category": "Spesialoster", "category_list": ["Alle varer", "Oster", "Spesialoster"], "title": "Greco Ekte Fetaost", "price": 42.1, "product_variant": "150 g", "quantity_info": [[150.0, "g"]], "image_url": "/media/uploads/public/331/118/1010918-b58e8-product_list.jpg", "unit_price_raw": "kr 280,67 per kg", "product_url": "https://kolonial.no/produkter/24856-greco-ekte-fetaost/", "kolonial_id": "24856"},
  {"category": "Brus", "category_list": ["Alle varer", "Drikkevarer", "Brus"], "title": "Sprite", "price": 23.5, "product_variant": "0,5 l", "quantity_info": [[0.5, "l"]], "image_url": "/media/uploads/public/186/309/973109-7bcbb-product_list.jpg", "unit_price_raw": "kr 47,00 per l", "product_url": "https://kolonial.no/produkter/486-sprite-0-5l/", "kolonial_id": "486"},
  {"category": "Brus", "category_list": ["Alle varer", "Drikkevarer", "Brus"], "title": "Sprite Zero", "price": 25.7, "product_variant": "0,5 l", "quantity_info": [[0.5, "l"]], "image_url": "/media/uploads/public/268/119/973719-474fe-product_list.jpg", "unit_price_raw": "kr 51,40 per l", "product_url": "https://kolonial.no/produkter/487-sprite-zero-0-5l/", "kolonial_id": "487"},
  {"category": "Melk", "category_list": ["Alle varer", "Melk, meieriprodukter og egg", "Melk"], "title": "Langtidsholdbar Helmelk", "price": 46.3, "product_variant": "1 l", "quantity_info": [[1.0, "l"]], "image_url": "/media/uploads/public/0/159/38559-3ae73-product_list.jpg", "unit_price_raw": "kr 46,30 per l", "product_url": "https://kolonial.no/produkter/15339-tine-langtidsholdbar-helmelk/", "kolonial_id": "15339"},
  {"category": "Krydder", "category_list": ["Alle varer", "Olje og krydder", "Krydder"], "title": "Sitronpepper", "price": 35.7, "product_variant": "95 g", "quantity_info": [[95.0, "g"]], "image_url": "/media/uploads/public/127/296/965496-a5223-product_list.jpg", "unit_price_raw": "kr 375,79 per kg", "product_url": "https://kolonial.no/produkter/6103-toro-sitronpepper-105g/", "kolonial_id": "6103"},
  {"category": "Krydder", "category_list": ["Alle varer", "Olje og krydder", "Krydder"], "title": "Sort Pepper Hel", "price": 49.2, "product_variant": "Med Kvern, 65 g", "quantity_info": [[65.0, "g"]], "image_url": "/media/uploads/public/52/189/972989-a46e8-product_list.jpg", "unit_price_raw": "kr 756,92 per kg", "product_url": "https://kolonial.no/produkter/6211-toro-sort-pepper-hel-med-kvern-65g/", "kolonial_id": "6211"},
  {"category": "Shampo og h\u00e5rprodukter", "category_list": ["Alle varer", "Shampo, s\u00e5pe og krem", "Shampo og h\u00e5rprodukter"], "title": "Dobbeldusj Sport", "price": 17.9, "product_variant": "250 ml", "quantity_info": [[250.0, "ml"]], "image_url": "/media/uploads/public/7/315/1007915-35452-product_list.jpg", "unit_price_raw": "kr 71,60 per l", "product_url": "https://kolonial.no/produkter/20833-dobbeldusj-sport/", "kolonial_id": "20833"},
  {"category": "Baketilbeh\u00f8r", "category_list": ["Alle varer", "Mel og bakeingredienser", "Baketilbeh\u00f8r"], "title": "Choco Decor Fondant", "price": 35.9, "product_variant": "200 g", "quantity_info": [[200.0, "g"]], "image_url": "/media/uploads/public/21/216/332216-bde35-product_list.jpg", "unit_price_raw": "kr 179,50 per kg", "product_url": "https://kolonial.no/produkter/25689-dr-oetker-choco-decor-fondant/", "kolonial_id": "25689"},
  {"category": "Baketilbeh\u00f8r", "category_list": ["Alle varer", "Mel og bakeingredienser", "Baketilbeh\u00f8r"], "title": "Ekte Marsipan", "price": 44.9, "product_variant": "400 g", "quantity_info": [[400.0, "g"]], "image_url": "/media/uploads/public/319/71/188071-a32b2-product_list.jpg", "unit_price_raw": "kr 112,25 per kg", "product_url": "https://kolonial.no/produkter/25154-odense-ekte-marsipan/", "kolonial_id": "25154"},
  {"category": "Oljer og dressinger", "category_list": ["Alle varer", "Olje og krydder", "Oljer og dressinger"], "title": "Garlic Sauce", "price": 35.9, "product_variant": "220 g", "quantity_info": [[220.0, "g"]], "image_url": "/media/uploads/public/337/390/973590-77dc8-product_list.jpg", "unit_price_raw": "kr 163,18 per kg", "product_url": "https://kolonial.no/produkter/1579-heinz-garlic-sauce-220g/", "kolonial_id": "1579"},
  {"category": "Oljer og dressinger", "category_list": ["Alle varer", "Olje og krydder", "Oljer og dressinger"], "title": "BBQ Sprayglaze", "price": 44.9, "product_variant": "250 ml", "quantity_info": [[250.0, "ml"]], "image_url": "/media/uploads/public/0/92/83692-5e2c5-product_list.jpg", "unit_price_raw": "kr 179,60 per l", "product_url": "https://kolonial.no/produkter/20605-caj-p-bbq-sprayglaze/", "kolonial_id": "20605"},
  {"category": "Knekkebr\u00f8d", "category_list": ["Alle varer", "Br\u00f8d og frokostblandinger", "Knekkebr\u00f8d"], "title": "Grovkrisp Gresskarkjerner", "price": 29.9, "product_variant": "170 g", "quantity_info": [[170.0, "g"]], "image_url": "/media/uploads/public/369/252/1011852-c09a4-product_list.jpg", "unit_price_raw": "kr 175,88 per kg", "product_url": "https://kolonial.no/produkter/28070-synnove-grovkrisp-gresskarkjerner/", "kolonial_id": "28070"},
  {"category": "Pasta og nudler", "category_list": ["Alle varer", "Middager og tilbeh\u00f8r", "Pasta og nudler"], "title": "Spagetti Fersk", "price": 12.0, "product_variant": "300 g", "quantity_info": [[300.0, "g"]], "image_url": "/media/uploads/public/314/136/511736-a7c3a-product_list.jpg", "unit_price_raw": "kr 40,00 per kg", "product_url": "https://kolonial.no/produkter/26290-rema-1000-spagetti-fersk/", "kolonial_id": "26290"},
  {"category": "Pasta og nudler", "category_list": ["Alle varer", "Middager og tilbeh\u00f8r", "Pasta og nudler"], "title": "Nudler Ferske", "price": 16.0, "product_variant": "300 g", "quantity_info": [[300.0, "g"]], "image_url": "/media/uploads/public/347/135/511735-c6dd6-product_list.jpg", "unit_price_raw": "kr 53,33 per kg", "product_url": "https://kolonial.no/produkter/26291-rema-1000-nudler-ferske/", "kolonial_id": "26291"},
  {"category": "Ferdige middagsretter", "category_list": ["Alle varer", "Middager og tilbeh\u00f8r", "Ferdige middagsretter"], "title": "Lasagne Bolognese", "price": 55.0, "product_variant": "750 g", "quantity_info": [[750.0, "g"]], "image_url": "/media/uploads/public/322/31/970431-8dfff-product_list.jpg", "unit_price_raw": "kr 73,33 per kg", "product_url": "https://kolonial.no/produkter/21445-lasagne-bolognese/", "kolonial_id": "21445"},
  {"category": "Ferdigsauser", "category_list": ["Alle varer", "Middager og tilbeh\u00f8r", "Ferdigsauser"], "title": "Tikka Masala", "price": 25.0, "product_variant": "450 g", "quantity_info": [[450.0, "g"]], "image_url": "/media/uploads/public/348/271/967471-42734-product_list.jpg", "unit_price_raw": "kr 55,56 per kg", "product_url": "https://kolonial.no/produkter/13870-uncle-bens-tikka-masala-450g/", "kolonial_id": "13870"},
  {"category": "Ferdigsauser", "category_list": ["Alle varer", "Middager og tilbeh\u00f8r", "Ferdigsauser"], "title": "Sweet & Sour Original", "price": 24.8, "product_variant": "450 g", "quantity_info": [[450.0, "g"]], "image_url": "/media/uploads/public/350/182/967382-639a9-product_list.jpg", "unit_price_raw": "kr 55,11 per kg", "product_url": "https://kolonial.no/produkter/15579-uncle-bens-sweet-sour-original/", "kolonial_id": "15579"},
  {"category": "Syltet\u00f8y", "category_list": ["Alle varer", "P\u00e5legg", "Syltet\u00f8y"], "title": "Appelsinmarmelade", "price": 44.3, "product_variant": "\u00d8kologisk, 260 g", "quantity_info": [[260.0, "g"]], "image_url": "/media/uploads/public/0/184/12584-dc375-product_list.jpg", "unit_price_raw": "kr 170,38 per kg", "product_url": "https://kolonial.no/produkter/9632-rigoni-di-asiago-appelsinmarmelade-okologisk-260g/", "kolonial_id": "9632"},
  {"category": "Spekemat og salami", "category_list": ["Alle varer", "P\u00e5legg", "Spekemat og salami"], "title": "Fuet Spekep\u00f8lse", "price": 54.0, "product_variant": "175 g", "quantity_info": [[175.0, "g"]], "image_url": "/media/uploads/public/121/199/126999-de600-product_list.jpg", "unit_price_raw": "kr 308,57 per kg", "product_url": "https://kolonial.no/produkter/23230-taga-fuet-spekepolse/", "kolonial_id": "23230"},
  {"category": "Spekemat og salami", "category_list": ["Alle varer", "P\u00e5legg", "Spekemat og salami"], "title": "Salami", "price": 46.9, "product_variant": "Stablepakke, 250 g", "quantity_info": [[250.0, "g"]], "image_url": "/media/uploads/public/139/227/156627-8bc3b-product_list.jpg", "unit_price_raw": "kr 187,60 per kg", "product_url": "https://kolonial.no/produkter/18010-best-pris-salami-stablepakke/", "kolonial_id": "18010"},
  {"category": "Yoghurt", "category_list": ["Alle varer", "Melk, meieriprodukter og egg", "Yoghurt"], "title": "Yoghurt Kirseb\u00e6r", "price": 21.1, "product_variant": "500 g", "quantity_info": [[500.0, "g"]], "image_url": "/media/uploads/public/0/280/19480-3b222-product_list.jpg", "unit_price_raw": "kr 42,20 per kg", "product_url": "https://kolonial.no/produkter/12133-tine-yoghurt-kirsebaer-420g/", "kolonial_id": "12133"},
  {"category": "Yoghurt", "category_list": ["Alle varer", "Melk, meieriprodukter og egg", "Yoghurt"], "title": "Yoghurt Skogsb\u00e6r", "price": 21.1, "product_variant": "500 g", "quantity_info": [[500.0, "g"]], "image_url": "/media/uploads/public/0/33/94033-18688-product_list.jpg", "unit_price_raw": "kr 42,20 per kg", "product_url": "https://kolonial.no/produkter/12139-tine-yoghurt-skogsbaer-420g/", "kolonial_id": "12139"},
  {"category": "Kaffe", "category_list": ["Alle varer", "Drikkevarer", "Kaffe"], "title": "IsKaffe Latte Laktoseredusert", "price": 21.5, "product_variant": "330 ml", "quantity_info": [[330.0, "ml"]], "image_url": "/media/uploads/public/0/36/118036-eab44-product_list.jpg", "unit_price_raw": "kr 65,15 per l", "product_url": "https://kolonial.no/produkter/12124-tine-iskaffe-latte-laktoseredusert/", "kolonial_id": "12124"},
  {"category": "Kaffe", "category_list": ["Alle varer", "Drikkevarer", "Kaffe"], "title": "IsKaffe Caffe Mocca", "price": 20.6, "product_variant": "330 ml", "quantity_info": [[330.0, "ml"]], "image_url": "/media/uploads/public/126/160/127360-ae8e9-product_list.jpg", "unit_price_raw": "kr 62,42 per l", "product_url": "https://kolonial.no/produkter/21301-tine-iskaffe-caffe-mocca/", "kolonial_id": "21301"},
  {"category": "Spesialoster", "category_list": ["Alle varer", "Oster", "Spesialoster"], "title": "Cheddar Little Black Bomber", "price": 99.0, "product_variant": "200 g", "quantity_info": [[200.0, "g"]], "image_url": "/media/uploads/public/158/112/1018512-37615-product_list.jpg", "unit_price_raw": "kr 495,00 per kg", "product_url": "https://kolonial.no/produkter/28146-cheddar-little-black-bomber/", "kolonial_id": "28146"},
  {"category": "Brus", "category_list": ["Alle varer", "Drikkevarer", "Brus"], "title": "7UP", "price": 29.5, "product_variant": "0,5 l", "quantity_info": [[0.5, "l"]], "image_url": "/media/uploads/public/0/346/20746-d7dfd-product_list.jpg", "unit_price_raw": "kr 59,00 per l", "product_url": "https://kolonial.no/produkter/12607-ringnes-7up-05l/", "kolonial_id": "12607"},
  {"category": "Brus", "category_list": ["Alle varer", "Drikkevarer", "Brus"], "title": "Mozell Eple & Drue", "price": 28.9, "product_variant": "0,5 l", "quantity_info": [[0.5, "l"]], "image_url": "/media/uploads/public/0/3/20803-816db-product_list.jpg", "unit_price_raw": "kr 57,80 per l", "product_url": "https://kolonial.no/produkter/495-ringnes-mozell-eple-drue-0-5l/", "kolonial_id": "495"},
  {"category": "Melk", "category_list": ["Alle varer", "Melk, meieriprodukter og egg", "Melk"], "title": "Langtidsholdbar Lett Melk", "price": 39.2, "product_variant": "1 l", "quantity_info": [[1.0, "l"]], "image_url": "/media/uploads/public/0/156/38556-e4f28-product_list.jpg", "unit_price_raw": "kr 39,20 per l", "product_url": "https://kolonial.no/produkter/15342-tine-langtidsholdbar-lett-melk-1l/", "kolonial_id": "15342"},
  {"category": "Melk", "category_list": ["Alle varer", "Melk, meieriprodukter og egg", "Melk"], "title": "Litago Uten", "price": 20.9, "product_variant": "Uten Sukker, 330 ml", "quantity_info": [[330.0, "ml"]], "image_url": "/media/uploads/public/60/239/151839-849ae-product_list.jpg", "unit_price_raw": "kr 63,33 per l", "product_url": "https://kolonial.no/produkter/24661-tine-litago-uten-uten-sukker/", "kolonial_id": "24661"},
  {"category": "Krydder", "category_list": ["Alle varer", "Olje og krydder", "Krydder"], "title": "Peppermix", "price": 26.6, "product_variant": "65 g", "quantity_info": [[65.0, "g"]], "image_url": "/media/uploads/public/395/312/967112-c7b02-product_list.jpg", "unit_price_raw": "kr 409,23 per kg", "product_url": "https://kolonial.no/produkter/14395-toro-peppermix-65g/", "kolonial_id": "14395"},
  {"category": "Krydder", "category_list": ["Alle varer", "Olje og krydder", "Krydder"], "title": "Havsalt", "price": 57.9, "product_variant": "Med Kvern, 150 g", "quantity_info": [[150.0, "g"]], "image_url": "/media/uploads/public/112/298/965498-a60bc-product_list.jpg", "unit_price_raw": "kr 386,00 per kg", "product_url": "https://kolonial.no/produkter/6088-toro-havsalt-med-kvern-150g/", "kolonial_id": "6088"},
  {"category": "Shampo og h\u00e5rprodukter", "category_list": ["Alle varer", "Shampo, s\u00e5pe og krem", "Shampo og h\u00e5rprodukter"], "title": "Mineral & Control Clean Gel", "price": 50.8, "product_variant": "150 ml", "quantity_info": [[150.0, "ml"]], "image_url": "/media/uploads/public/135/347/964347-c2d72-product_list.jpg", "unit_price_raw": "kr 338,67 per l", "product_url": "https://kolonial.no/produkter/7510-loreal-mineral-control-clean-gel-150ml/", "kolonial_id": "7510"},
  {"category": "Shampo og h\u00e5rprodukter", "category_list": ["Alle varer", "Shampo, s\u00e5pe og krem", "Shampo og h\u00e5rprodukter"], "title": "Men Aqua Wax", "price": 86.4, "product_variant": "80 ml", "quantity_info": [[80.0, "ml"]], "image_url": "/media/uploads/public/91/104/371704-90235-product_list.jpg", "unit_price_raw": "kr 1080,00 per l", "product_url": "https://kolonial.no/produkter/25962-define-men-aqua-wax/", "kolonial_id": "25962"},
  {"category": "Baketilbeh\u00f8r", "category_list": ["Alle varer", "Mel og bakeingredienser", "Baketilbeh\u00f8r"], "title": "Flerfarget Str\u00f8ssel", "price": 33.2, "product_variant": "100 g", "quantity_info": [[100.0, "g"]], "image_url": "/media/uploads/public/268/200/370200-87aed-product_list.jpg", "unit_price_raw": "kr 332,00 per kg", "product_url": "https://kolonial.no/produkter/25901-freia-flerfarget-strossel/", "kolonial_id": "25901"},
  {"category": "Oljer og dressinger", "category_list": ["Alle varer", "Olje og krydder", "Oljer og dressinger"], "title": "R\u00f8dvinseddik", "price": 42.1, "product_variant": "250 ml", "quantity_info": [[250.0, "ml"]], "image_url": "/media/uploads/public/354/311/151911-fb88f-product_list.jpg", "unit_price_raw": "kr 168,40 per l", "product_url": "https://kolonial.no/produkter/24807-martin-pouret-rodvinseddik/", "kolonial_id": "24807"},
  {"category": "Pasta og nudler", "category_list": ["Alle varer", "Middager og tilbeh\u00f8r", "Pasta og nudler"], "title": "Pasta BCAA", "price": 45.9, "product_variant": "250 g", "quantity_info": [[250.0, "g"]], "image_url": "/media/uploads/public/114/117/973717-bf01d-product_list.jpg", "unit_price_raw": "kr 183,60 per kg", "product_url": "https://kolonial.no/produkter/27553-young-fitness-pasta-bcaa/", "kolonial_id": "27553"},
  {"category": "Pasta og nudler", "category_list": ["Alle varer", "Middager og tilbeh\u00f8r", "Pasta og nudler"], "title": "Tortelloni Ricotta & Spinat", "price": 29.0, "product_variant": "250 g", "quantity_info": [[250.0, "g"]], "image_url": "/media/uploads/public/305/61/1012861-470a3-product_list.jpg", "unit_price_raw": "kr 116,00 per kg", "product_url": "https://kolonial.no/produkter/28094-rema-1000-tortelloni-ricotta-spinat-025-kg/", "kolonial_id": "28094"},
  {"category": "Ferdige middagsretter", "category_list": ["Alle varer", "Middager og tilbeh\u00f8r", "Ferdige middagsretter"], "title": "Ost & Skinke Pai", "price": 105.9, "product_variant": "Stor, 650 g", "quantity_info": [[650.0, "g"]], "image_url": "/media/uploads/public/318/113/966913-f2436-product_list.jpg", "unit_price_raw": "kr 162,92 per kg", "product_url": "https://kolonial.no/produkter/1250-stabburet-ost-skinke-pai-stor-650g/", "kolonial_id": "1250"},
  {"category": "Ferdigsauser", "category_list": ["Alle varer", "Middager og tilbeh\u00f8r", "Ferdigsauser"], "title": "Mango Chutney", "price": 26.8, "product_variant": "Orginal, 350 g", "quantity_info": [[350.0, "g"]], "image_url": "/media/uploads/public/396/39/967239-71c67-product_list.jpg", "unit_price_raw": "kr 76,57 per kg", "product_url": "https://kolonial.no/produkter/79-santa-maria-mango-chutney-orginal/", "kolonial_id": "79"},
  {"category": "Ferdigsauser", "category_list": ["Alle varer", "Middager og tilbeh\u00f8r", "Ferdigsauser"], "title": "Nirus Special Mango Chutney", "price": 33.9, "product_variant": "250 g", "quantity_info": [[250.0, "g"]], "image_url": "/media/uploads/public/240/204/971804-4309b-product_list.jpg", "unit_price_raw": "kr 135,60 per kg", "product_url": "https://kolonial.no/produkter/24059-masalamagic-nirus-special-mango-chutney/", "kolonial_id": "24059"},
  {"category": "Syltet\u00f8y", "category_list": ["Alle varer", "P\u00e5legg", "Syltet\u00f8y"], "title": "Villbl\u00e5b\u00e6rmarmelade", "price": 44.3, "product_variant": "\u00d8kologisk, 250 g", "quantity_info": [[250.0, "g"]], "image_url": "/media/uploads/public/0/190/12590-4cbc4-product_list.jpg", "unit_price_raw": "kr 177,20 per kg", "product_url": "https://kolonial.no/produkter/9626-rigoni-di-asiago-villblabaermarmelade-okologisk-26/", "kolonial_id": "9626"},
  {"category": "Syltet\u00f8y", "category_list": ["Alle varer", "P\u00e5legg", "Syltet\u00f8y"], "title": "Bringeb\u00e6rsyltet\u00f8y Originale", "price": 43.5, "product_variant": "800 g", "quantity_info": [[800.0, "g"]], "image_url": "/media/uploads/public/127/103/371703-ee933-product_list.jpg", "unit_price_raw": "kr 54,38 per kg", "product_url": "https://kolonial.no/produkter/25960-nora-bringebaersyltetoy-originale/", "kolonial_id": "25960"},
  {"category": "Kj\u00f8tt- og kyllingp\u00e5legg", "category_list": ["Alle varer", "P\u00e5legg", "Kj\u00f8tt- og kyllingp\u00e5legg"], "title": "Okserull Skivet", "price": 39.1, "product_variant": "100 g", "quantity_info": [[100.0, "g"]], "image_url": "/media/uploads/public/60/13/972413-91307-product_list.jpg", "unit_price_raw": "kr 391,00 per kg", "product_url": "https://kolonial.no/produkter/25998-gilde-okserull-skivet/", "kolonial_id": "25998"},
  {"category": "Yoghurt", "category_list": ["Alle varer", "Melk, meieriprodukter og egg", "Yoghurt"], "title": "Yoghurt Naturell", "price": 28.1, "product_variant": "850 g", "quantity_info": [[850.0, "g"]], "image_url": "/media/uploads/public/0/256/19456-f15fe-product_list.jpg", "unit_price_raw": "kr 33,06 per kg", "product_url": "https://kolonial.no/produkter/12145-tine-yoghurt-naturell-850g/", "kolonial_id": "12145"},
  {"category": "Yoghurt", "category_list": ["Alle varer", "Melk, meieriprodukter og egg", "Yoghurt"], "title": "Yoghurt Vanilje", "price": 29.3, "product_variant": "850 g", "quantity_info": [[850.0, "g"]], "image_url": "/media/uploads/public/391/253/155853-a5b67-product_list.jpg", "unit_price_raw": "kr 34,47 per kg", "product_url": "https://kolonial.no/produkter/12148-tine-yoghurt-vanilje-850g/", "kolonial_id": "12148"},
  {"category": "Kaffe", "category_list": ["Alle varer", "Drikkevarer", "Kaffe"], "title": "Iskaffe Cappuccino", "price": 21.1, "product_variant": "0,33 l", "quantity_info": [[0.33, "l"]], "image_url": "/media/uploads/public/347/159/127359-76997-product_list.jpg", "unit_price_raw": "kr 63,94 per l", "product_url": "https://kolonial.no/produkter/466-tine-iskaffe-cappuccino-033l/", "kolonial_id": "466"},
  {"category": "Spesialoster", "category_list": ["Alle varer", "Oster", "Spesialoster"], "title": "Brie", "price": 33.1, "product_variant": "180 g", "quantity_info": [[180.0, "g"]], "image_url": "/media/uploads/public/276/228/972628-91768-product_list.jpg", "unit_price_raw": "kr 183,89 per kg", "product_url": "https://kolonial.no/produkter/26461-rema-1000-brie/", "kolonial_id": "26461"},
  {"category": "Spesialoster", "category_list": ["Alle varer", "Oster", "Spesialoster"], "title": "Mini Brie", "price": 49.9, "product_variant": "\u00d8kologisk, 150 g", "quantity_info": [[150.0, "g"]], "image_url": "/media/uploads/public/156/251/506251-a193f-product_list.jpg", "unit_price_raw": "kr 332,67 per kg", "product_url": "https://kolonial.no/produkter/26230-kolonihagen-brie-mini-ekstra-fin/", "kolonial_id": "26230"},
  {"category": "Brus", "category_list": ["Alle varer", "Drikkevarer", "Brus"], "title": "Villa", "price": 28.9, "product_variant": "0,5 l", "quantity_info": [[0.5, "l"]], "image_url": "/media/uploads/public/0/361/20761-92858-product_list.jpg", "unit_price_raw": "kr 57,80 per l", "product_url": "https://kolonial.no/produkter/8038-ringnes-villa-05l/", "kolonial_id": "8038"},
  {"category": "Brus", "category_list": ["Alle varer", "Drikkevarer", "Brus"], "title": "Villa Lett", "price": 37.8, "product_variant": "1,5 l", "quantity_info": [[1.5, "l"]], "image_url": "/media/uploads/public/52/263/710263-1c3f7-product_list.jpg", "unit_price_raw": "kr 25,20 per l", "product_url": "https://kolonial.no/produkter/27393-ringnes-villa-lett/", "kolonial_id": "27393"},
  {"category": "Melk", "category_list": ["Alle varer", "Melk, meieriprodukter og egg", "Melk"], "title": "Mandeldrikk Us\u00f8tet", "price": 32.0, "product_variant": "1 l", "quantity_info": [[1.0, "l"]], "image_url": "/media/uploads/public/0/204/83404-835f9-product_list.jpg", "unit_price_raw": "kr 32,00 per l", "product_url": "https://kolonial.no/produkter/20461-alpro-mandeldrikk-usotet/", "kolonial_id": "20461"},
  {"category": "Melk", "category_list": ["Alle varer", "Melk, meieriprodukter og egg", "Melk"], "title": "Ris- og kokosdrikk", "price": 38.0, "product_variant": "1 l", "quantity_info": [[1.0, "l"]], "image_url": "/media/uploads/public/0/213/83413-30c1a-product_list.jpg", "unit_price_raw": "kr 38,00 per l", "product_url": "https://kolonial.no/produkter/20452-alpro-ris-og-kokosdrikk/", "kolonial_id": "20452"},
  {"category": "Krydder", "category_list": ["Alle varer", "Olje og krydder", "Krydder"], "title": "Spisskummen", "price": 31.4, "product_variant": "Malt, 62 g", "quantity_info": [[62.0, "g"]], "image_url": "/media/uploads/public/304/369/965569-47bf7-product_list.jpg", "unit_price_raw": "kr 506,45 per kg", "product_url": "https://kolonial.no/produkter/6247-toro-spisskummen/", "kolonial_id": "6247"},
  {"category": "Krydder", "category_list": ["Alle varer", "Olje og krydder", "Krydder"], "title": "Timian Hel", "price": 12.2, "product_variant": "6 g", "quantity_info": [[6.0, "g"]], "image_url": "/media/uploads/public/35/276/965476-2cae4-product_list.jpg", "unit_price_raw": "kr 2033,33 per kg", "product_url": "https://kolonial.no/produkter/6379-toro-timian-hel-6g/", "kolonial_id": "6379"},
  {"category": "Shampo og h\u00e5rprodukter", "category_list": ["Alle varer", "Shampo, s\u00e5pe og krem", "Shampo og h\u00e5rprodukter"], "title": "Men Soft Mud", "price": 74.5, "product_variant": "80 ml", "quantity_info": [[80.0, "ml"]], "image_url": "/media/uploads/public/177/215/374615-5cf65-product_list.jpg", "unit_price_raw": "kr 931,25 per l", "product_url": "https://kolonial.no/produkter/21178-define-men-soft-mud/", "kolonial_id": "21178"},
  {"category": "Baketilbeh\u00f8r", "category_list": ["Alle varer", "Mel og bakeingredienser", "Baketilbeh\u00f8r"], "title": "Football Decor Kit", "price": 54.9, "product_variant": "160 g", "quantity_info": [[160.0, "g"]], "image_url": "/media/uploads/public/281/245/136245-be2b7-product_list.jpg", "unit_price_raw": "kr 343,13 per kg", "product_url": "https://kolonial.no/produkter/23861-dr-oetker-football-decor-kit/", "kolonial_id": "23861"},
  {"category": "Baketilbeh\u00f8r", "category_list": ["Alle varer", "Mel og bakeingredienser", "Baketilbeh\u00f8r"], "title": "Gold Writing Gel", "price": 35.9, "product_variant": "19 g", "quantity_info": [[19.0, "g"]], "image_url": "/media/uploads/public/391/135/618935-3621b-product_list.jpg", "unit_price_raw": "kr 1889,47 per kg", "product_url": "https://kolonial.no/produkter/26618-dr-oetker-gold-writing-gel/", "kolonial_id": "26618"},
  {"category": "Oljer og dressinger", "category_list": ["Alle varer", "Olje og krydder", "Oljer og dressinger"], "title": "Estragoneddik", "price": 42.1, "product_variant": "250 ml", "quantity_info": [[250.0, "ml"]], "image_url": "/media/uploads/public/125/310/151910-a9db9-product_list.jpg", "unit_price_raw": "kr 168,40 per l", "product_url": "https://kolonial.no/produkter/24808-martin-pouret-estragoneddik/", "kolonial_id": "24808"},
  {"category": "Knekkebr\u00f8d", "category_list": ["Alle varer", "Br\u00f8d og frokostblandinger", "Knekkebr\u00f8d"], "title": "Knekkebr\u00f8d Runda Kardemumme", "price": 40.4, "product_variant": "255 g", "quantity_info": [[255.0, "g"]], "image_url": "/media/uploads/public/315/9/1000809-2f3b8-product_list.jpg", "unit_price_raw": "kr 158,43 per kg", "product_url": "https://kolonial.no/produkter/28038-wasa-knekkebrod-runda-kardemumme/", "kolonial_id": "28038"},
  {"category": "Knekkebr\u00f8d", "category_list": ["Alle varer", "Br\u00f8d og frokostblandinger", "Knekkebr\u00f8d"], "title": "Fr\u00f8krisp", "price": 41.9, "product_variant": "\u00d8kologisk, 170 g", "quantity_info": [[170.0, "g"]], "image_url": "/media/uploads/public/132/363/1001563-d8348-product_list.jpg", "unit_price_raw": "kr 246,47 per kg", "product_url": "https://kolonial.no/produkter/28047-berit-n-frokrisp-okologisk-170g-1-stk/", "kolonial_id": "28047"},
  {"category": "Pasta og nudler", "category_list": ["Alle varer", "Middager og tilbeh\u00f8r", "Pasta og nudler"], "title": "Tagliatelle Glutenfri", "price": 33.2, "product_variant": "500 g", "quantity_info": [[500.0, "g"]], "image_url": "/media/uploads/public/319/70/984070-95605-product_list.jpg", "unit_price_raw": "kr 66,40 per kg", "product_url": "https://kolonial.no/produkter/27962-barilla-tagliatelle-glutenfri/", "kolonial_id": "27962"},
  {"category": "Ferdige middagsretter", "category_list": ["Alle varer", "Middager og tilbeh\u00f8r", "Ferdige middagsretter"], "title": "Pytt I Panne", "price": 46.4, "product_variant": "1 kg", "quantity_info": [[1.0, "kg"]], "image_url": "/media/uploads/public/220/21/970021-9d104-product_list.jpg", "unit_price_raw": "kr 46,40 per kg", "product_url": "https://kolonial.no/produkter/8286-rema-1000-pytt-i-panne-1kg/", "kolonial_id": "8286"},
  {"category": "Ferdige middagsretter", "category_list": ["Alle varer", "Middager og tilbeh\u00f8r", "Ferdige middagsretter"], "title": "Pytt I Panne Original", "price": 45.5, "product_variant": "540 g", "quantity_info": [[540.0, "g"]], "image_url": "/media/uploads/public/394/55/966855-ea0bd-product_list.jpg", "unit_price_raw": "kr 84,26 per kg", "product_url": "https://kolonial.no/produkter/4252-findus-pytt-i-panne-original-540g/", "kolonial_id": "4252"},
  {"category": "Ferdigsauser", "category_list": ["Alle varer", "Middager og tilbeh\u00f8r", "Ferdigsauser"], "title": "Nirus Daddel Chutney", "price": 34.9, "product_variant": "250 g", "quantity_info": [[250.0, "g"]], "image_url": "/media/uploads/public/369/216/971816-e0082-product_list.jpg", "unit_price_raw": "kr 139,60 per kg", "product_url": "https://kolonial.no/produkter/24060-masalamagic-nirus-daddel-chutney/", "kolonial_id": "24060"},
  {"category": "Syltet\u00f8y", "category_list": ["Alle varer", "P\u00e5legg", "Syltet\u00f8y"], "title": "Aprikossyltet\u00f8y Originale", "price": 38.8, "product_variant": "800 g", "quantity_info": [[800.0, "g"]], "image_url": "/media/uploads/public/297/101/371701-ba383-product_list.jpg", "unit_price_raw": "kr 48,50 per kg", "product_url": "https://kolonial.no/produkter/25959-nora-aprikossyltetoy-originale/", "kolonial_id": "25959"},
  {"category": "Syltet\u00f8y", "category_list": ["Alle varer", "P\u00e5legg", "Syltet\u00f8y"], "title": "Jordb\u00e6rsyltet\u00f8y Originale", "price": 44.5, "product_variant": "800 g", "quantity_info": [[800.0, "g"]], "image_url": "/media/uploads/public/221/68/373268-a8703-product_list.jpg", "unit_price_raw": "kr 55,63 per kg", "product_url": "https://kolonial.no/produkter/26052-nora-jordbaersyltetoy-originale/", "kolonial_id": "26052"},
  {"category": "Kj\u00f8tt- og kyllingp\u00e5legg", "category_list": ["Alle varer", "P\u00e5legg", "Kj\u00f8tt- og kyllingp\u00e5legg"], "title": "Prima Hamburgerrygg", "price": 32.9, "product_variant": "250 g", "quantity_info": [[250.0, "g"]], "image_url": "/media/uploads/public/362/88/296088-bf883-product_list.jpg", "unit_price_raw": "kr 131,60 per kg", "product_url": "https://kolonial.no/produkter/25434-rema-1000-prima-hamburgerrygg/", "kolonial_id": "25434"},
  {"category": "Spekemat og salami", "category_list": ["Alle varer", "P\u00e5legg", "Spekemat og salami"], "title": "Fenal\u00e5r Fra Tynset Skivet", "price": 39.1, "product_variant": "60 g", "quantity_info": [[60.0, "g"]], "image_url": "/media/uploads/public/104/34/411234-7b352-product_list.jpg", "unit_price_raw": "kr 651,67 per kg", "product_url": "https://kolonial.no/produkter/26151-fenalar-fra-tynset-skivet/", "kolonial_id": "26151"},
  {"category": "Yoghurt", "category_list": ["Alle varer", "Melk, meieriprodukter og egg", "Yoghurt"], "title": "Activia Bl\u00e5b\u00e6r", "price": 31.1, "product_variant": "4x120g, 0,48 kg", "quantity_info": [[4.0, "x"], [120.0, "g"], [0.48, "kg"]], "image_url": "/media/uploads/public/388/91/969691-d6022-product_list.jpg", "unit_price_raw": "kr 64,79 per kg", "product_url": "https://kolonial.no/produkter/5125-danone-activia-blabaer-4x120g/", "kolonial_id": "5125"},
  {"category": "Kaffe", "category_list": ["Alle varer", "Drikkevarer", "Kaffe"], "title": "Iskaffe Cappuccino Zero", "price": 21.6, "product_variant": "0,33 l", "quantity_info": [[0.33, "l"]], "image_url": "/media/uploads/public/27/199/374599-834bc-product_list.jpg", "unit_price_raw": "kr 65,45 per l", "product_url": "https://kolonial.no/produkter/26097-330-ml-iskaffe-cappuccino-zero-1-stk/", "kolonial_id": "26097"},
  {"category": "Kaffe", "category_list": ["Alle varer", "Drikkevarer", "Kaffe"], "title": "IsKaffe Cappuccino", "price": 44.2, "product_variant": "1 l", "quantity_info": [[1.0, "l"]], "image_url": "/media/uploads/public/0/99/90499-50d05-product_list.jpg", "unit_price_raw": "kr 44,20 per l", "product_url": "https://kolonial.no/produkter/21304-tine-iskaffe-cappuccino/", "kolonial_id": "21304"},
  {"category": "Spesialoster", "category_list": ["Alle varer", "Oster", "Spesialoster"], "title": "Castello Guldbrie", "price": 41.9, "product_variant": "200 g", "quantity_info": [[200.0, "g"]], "image_url": "/media/uploads/public/304/65/987665-e1d17-product_list.jpg", "unit_price_raw": "kr 41,90 per stk", "product_url": "https://kolonial.no/produkter/26676-castello-castello-guldbrie/", "kolonial_id": "26676"},
  {"category": "Spesialoster", "category_list": ["Alle varer", "Oster", "Spesialoster"], "title": "Mozzarella Fersk", "price": 19.9, "product_variant": "125 g", "quantity_info": [[125.0, "g"]], "image_url": "/media/uploads/public/36/212/713012-81fbc-product_list.jpg", "unit_price_raw": "kr 159,20 per kg", "product_url": "https://kolonial.no/produkter/27574-mozzarella-fersk/", "kolonial_id": "27574"},
  {"category": "Brus", "category_list": ["Alle varer", "Drikkevarer", "Brus"], "title": "Villa Lett", "price": 28.9, "product_variant": "0,5 l", "quantity_info": [[0.5, "l"]], "image_url": "/media/uploads/public/269/258/710258-3ff7c-product_list.jpg", "unit_price_raw": "kr 57,80 per l", "product_url": "https://kolonial.no/produkter/27392-ringnes-villa-lett/", "kolonial_id": "27392"},
  {"category": "Brus", "category_list": ["Alle varer", "Drikkevarer", "Brus"], "title": "Eventyrbrus", "price": 30.5, "product_variant": "0,5 l", "quantity_info": [[0.5, "l"]], "image_url": "/media/uploads/public/0/6/20806-4073a-product_list.jpg", "unit_price_raw": "kr 61,00 per l", "product_url": "https://kolonial.no/produkter/7987-ringnes-eventyrbrus-05l/", "kolonial_id": "7987"},
  {"category": "Melk", "category_list": ["Alle varer", "Melk, meieriprodukter og egg", "Melk"], "title": "Soyadrikk Lett", "price": 32.9, "product_variant": "1 l", "quantity_info": [[1.0, "l"]], "image_url": "/media/uploads/public/0/219/83419-3c12c-product_list.jpg", "unit_price_raw": "kr 32,90 per l", "product_url": "https://kolonial.no/produkter/20446-alpro-soyadrikk-lett/", "kolonial_id": "20446"},
  {"category": "Krydder", "category_list": ["Alle varer", "Olje og krydder", "Krydder"], "title": "Tandoori Masala", "price": 42.9, "product_variant": "100 g", "quantity_info": [[100.0, "g"]], "image_url": "/media/uploads/public/72/309/965509-44d3c-product_list.jpg", "unit_price_raw": "kr 429,00 per kg", "product_url": "https://kolonial.no/produkter/6145-tandoori-masala-torr-toro/", "kolonial_id": "6145"},
  {"category": "Krydder", "category_list": ["Alle varer", "Olje og krydder", "Krydder"], "title": "Valmuefr\u00f8 Bl\u00e5", "price": 38.9, "product_variant": "83 g", "quantity_info": [[83.0, "g"]], "image_url": "/media/uploads/public/307/233/969033-2875a-product_list.jpg", "unit_price_raw": "kr 468,67 per kg", "product_url": "https://kolonial.no/produkter/17287-toro-valmuefro-bla/", "kolonial_id": "17287"},
  {"category": "Shampo og h\u00e5rprodukter", "category_list": ["Alle varer", "Shampo, s\u00e5pe og krem", "Shampo og h\u00e5rprodukter"], "title": "Men Moulding Clay", "price": 79.4, "product_variant": "80 ml", "quantity_info": [[80.0, "ml"]], "image_url": "/media/uploads/public/389/214/374614-56cbf-product_list.jpg", "unit_price_raw": "kr 992,50 per l", "product_url": "https://kolonial.no/produkter/7000-define-men-moulding-clay/", "kolonial_id": "7000"},
  {"category": "Baketilbeh\u00f8r", "category_list": ["Alle varer", "Mel og bakeingredienser", "Baketilbeh\u00f8r"], "title": "Kakefyll Vanilje", "price": 11.6, "product_variant": "37 g", "quantity_info": [[37.0, "g"]], "image_url": "/media/uploads/public/264/22/215622-2e72f-product_list.jpg", "unit_price_raw": "kr 313,51 per kg", "product_url": "https://kolonial.no/produkter/25156-idun-kakefyll-vanilje/", "kolonial_id": "25156"},
  {"category": "Baketilbeh\u00f8r", "category_list": ["Alle varer", "Mel og bakeingredienser", "Baketilbeh\u00f8r"], "title": "Marsipanlokk", "price": 74.3, "product_variant": "290 g", "quantity_info": [[290.0, "g"]], "image_url": "/media/uploads/public/310/70/188070-fbd39-product_list.jpg", "unit_price_raw": "kr 256,21 per kg", "product_url": "https://kolonial.no/produkter/25153-odense-marsipanlokk/", "kolonial_id": "25153"},
  {"category": "Oljer og dressinger", "category_list": ["Alle varer", "Olje og krydder", "Oljer og dressinger"], "title": "Sherryeddik", "price": 62.7, "product_variant": "250 ml", "quantity_info": [[250.0, "ml"]], "image_url": "/media/uploads/public/98/307/151907-733aa-product_list.jpg", "unit_price_raw": "kr 250,80 per l", "product_url": "https://kolonial.no/produkter/24811-martin-pouret-sherryeddik/", "kolonial_id": "24811"},
  {"category": "Oljer og dressinger", "category_list": ["Alle varer", "Olje og krydder", "Oljer og dressinger"], "title": "Oleaurum Olivenolje", "price": 83.3, "product_variant": "0,5 l", "quantity_info": [[0.5, "l"]], "image_url": "/media/uploads/public/214/87/188087-ca963-product_list.jpg", "unit_price_raw": "kr 166,60 per l", "product_url": "https://kolonial.no/produkter/25113-oleaurum-oleaurum-olivenolje/", "kolonial_id": "25113"},
  {"category": "Ferdige middagsretter", "category_list": ["Alle varer", "Middager og tilbeh\u00f8r", "Ferdige middagsretter"], "title": "Springrolls med Oksekj\u00f8tt", "price": 65.5, "product_variant": "600 g", "quantity_info": [[600.0, "g"]], "image_url": "/media/uploads/public/385/137/969337-dc103-product_list.jpg", "unit_price_raw": "kr 109,17 per kg", "product_url": "https://kolonial.no/produkter/15717-daloon-springrolls-med-oksekjott/", "kolonial_id": "15717"},
  {"category": "Ferdigsauser", "category_list": ["Alle varer", "Middager og tilbeh\u00f8r", "Ferdigsauser"], "title": "Nirus Mango & Lime Chutney", "price": 33.9, "product_variant": "250 g", "quantity_info": [[250.0, "g"]], "image_url": "/media/uploads/public/152/214/971814-37599-product_list.jpg", "unit_price_raw": "kr 135,60 per kg", "product_url": "https://kolonial.no/produkter/24061-masalamagic-nirus-mango-lime-chutney/", "kolonial_id": "24061"},
  {"category": "Syltet\u00f8y", "category_list": ["Alle varer", "P\u00e5legg", "Syltet\u00f8y"], "title": "\u00d8kologisk Appelsinmarmelade", "price": 27.6, "product_variant": "Sk\u00e6lsk\u00f8r, 260 g", "quantity_info": [[260.0, "g"]], "image_url": "/media/uploads/public/337/263/971463-2ec0d-product_list.jpg", "unit_price_raw": "kr 106,15 per kg", "product_url": "https://kolonial.no/produkter/21901-okologisk-appelsinmarmelade-skaelskor/", "kolonial_id": "21901"},
  {"category": "Kj\u00f8tt- og kyllingp\u00e5legg", "category_list": ["Alle varer", "P\u00e5legg", "Kj\u00f8tt- og kyllingp\u00e5legg"], "title": "Fleskep\u00f8lse", "price": 33.8, "product_variant": "150 g", "quantity_info": [[150.0, "g"]], "image_url": "/media/uploads/public/293/73/969273-930b5-product_list.jpg", "unit_price_raw": "kr 225,33 per kg", "product_url": "https://kolonial.no/produkter/17899-finsbraten-fleskepolse/", "kolonial_id": "17899"},
  {"category": "Kj\u00f8tt- og kyllingp\u00e5legg", "category_list": ["Alle varer", "P\u00e5legg", "Kj\u00f8tt- og kyllingp\u00e5legg"], "title": "Servelat", "price": 29.9, "product_variant": "200 g", "quantity_info": [[200.0, "g"]], "image_url": "/media/uploads/public/292/325/708325-66de0-product_list.jpg", "unit_price_raw": "kr 149,50 per kg", "product_url": "https://kolonial.no/produkter/27540-servelat/", "kolonial_id": "27540"},
  {"category": "Spekemat og salami", "category_list": ["Alle varer", "P\u00e5legg", "Spekemat og salami"], "title": "R\u00f8dvinsnabb Hel", "price": 64.6, "product_variant": "220 g", "quantity_info": [[220.0, "g"]], "image_url": "/media/uploads/public/298/47/154847-54907-product_list.jpg", "unit_price_raw": "kr 293,64 per kg", "product_url": "https://kolonial.no/produkter/24952-grilstad-rodvinsnabb-hel/", "kolonial_id": "24952"},
  {"category": "Spekemat og salami", "category_list": ["Alle varer", "P\u00e5legg", "Spekemat og salami"], "title": "Chorizo Hel 220g", "price": 64.7, "product_variant": "0,22 kg", "quantity_info": [[0.22, "kg"]], "image_url": "/media/uploads/public/73/48/154848-6ba77-product_list.jpg", "unit_price_raw": "kr 294,09 per kg", "product_url": "https://kolonial.no/produkter/24953-chorizo-hel-220g-0-22-kg/", "kolonial_id": "24953"},
  {"category": "Kaffe", "category_list": ["Alle varer", "Drikkevarer", "Kaffe"], "title": "Skinny Latte", "price": 23.1, "product_variant": "220 ml", "quantity_info": [[220.0, "ml"]], "image_url": "/media/uploads/public/241/282/966682-ba048-product_list.jpg", "unit_price_raw": "kr 105,00 per l", "product_url": "https://kolonial.no/produkter/15504-starbucks-skinny-latte/", "kolonial_id": "15504"},
  {"category": "Spesialoster", "category_list": ["Alle varer", "Oster", "Spesialoster"], "title": "Parmiggiano", "price": 49.9, "product_variant": "150 g", "quantity_info": [[150.0, "g"]], "image_url": "/media/uploads/public/95/148/708948-91107-product_list.jpg", "unit_price_raw": "kr 332,67 per kg", "product_url": "https://kolonial.no/produkter/27575-parmiggiano-150g-1-stk/", "kolonial_id": "27575"},
  {"category": "Brus", "category_list": ["Alle varer", "Drikkevarer", "Brus"], "title": "Ingef\u00e6r\u00f8l", "price": 30.4, "product_variant": "0,5 l", "quantity_info": [[0.5, "l"]], "image_url": "/media/uploads/public/0/190/79390-8f511-product_list.jpg", "unit_price_raw": "kr 60,80 per l", "product_url": "https://kolonial.no/produkter/19798-ringnes-ingefaerol/", "kolonial_id": "19798"},
  {"category": "Melk", "category_list": ["Alle varer", "Melk, meieriprodukter og egg", "Melk"], "title": "Styrk Kakao", "price": 21.1, "product_variant": "330 ml", "quantity_info": [[330.0, "ml"]], "image_url": "/media/uploads/public/384/72/152072-1fee8-product_list.jpg", "unit_price_raw": "kr 63,94 per l", "product_url": "https://kolonial.no/produkter/24855-tine-styrk-kakao/", "kolonial_id": "24855"},
  {"category": "Shampo og h\u00e5rprodukter", "category_list": ["Alle varer", "Shampo, s\u00e5pe og krem", "Shampo og h\u00e5rprodukter"], "title": "Brunettes Dry Shampoo", "price": 71.4, "product_variant": "200 ml", "quantity_info": [[200.0, "ml"]], "image_url": "/media/uploads/public/79/282/973482-59966-product_list.jpg", "unit_price_raw": "kr 357,00 per l", "product_url": "https://kolonial.no/produkter/27397-define-brunettes-dry-shampoo-200ml-02-l/", "kolonial_id": "27397"},
  {"category": "Shampo og h\u00e5rprodukter", "category_list": ["Alle varer", "Shampo, s\u00e5pe og krem", "Shampo og h\u00e5rprodukter"], "title": "Hairspray Flex Argan", "price": 67.4, "product_variant": "250 ml", "quantity_info": [[250.0, "ml"]], "image_url": "/media/uploads/public/282/307/973507-e821f-product_list.jpg", "unit_price_raw": "kr 269,60 per l", "product_url": "https://kolonial.no/produkter/27388-define-define-hairspray-flex-argan/", "kolonial_id": "27388"},
  {"category": "Baketilbeh\u00f8r", "category_list": ["Alle varer", "Mel og bakeingredienser", "Baketilbeh\u00f8r"], "title": "Oreo Knust Kjeks", "price": 50.9, "product_variant": "400 g", "quantity_info": [[400.0, "g"]], "image_url": "/media/uploads/public/156/221/616621-c5adf-product_list.jpg", "unit_price_raw": "kr 127,25 per kg", "product_url": "https://kolonial.no/produkter/26499-oreo-oreo-knust-kjeks/", "kolonial_id": "26499"},
  {"category": "Baketilbeh\u00f8r", "category_list": ["Alle varer", "Mel og bakeingredienser", "Baketilbeh\u00f8r"], "title": "Silver Writing Gel", "price": 35.9, "product_variant": "19 g", "quantity_info": [[19.0, "g"]], "image_url": "/media/uploads/public/179/134/618934-dd295-product_list.jpg", "unit_price_raw": "kr 1889,47 per kg", "product_url": "https://kolonial.no/produkter/26617-dr-oetker-silver-writing-gel/", "kolonial_id": "26617"},
  {"category": "Oljer og dressinger", "category_list": ["Alle varer", "Olje og krydder", "Oljer og dressinger"], "title": "Saus Ravigotte", "price": 26.7, "product_variant": "285 g", "quantity_info": [[285.0, "g"]], "image_url": "/media/uploads/public/291/65/188065-a8043-product_list.jpg", "unit_price_raw": "kr 93,68 per kg", "product_url": "https://kolonial.no/produkter/25350-idun-saus-ravigotte/", "kolonial_id": "25350"},
  {"category": "Oljer og dressinger", "category_list": ["Alle varer", "Olje og krydder", "Oljer og dressinger"], "title": "Bringeb\u00e6reddik", "price": 62.7, "product_variant": "250 ml", "quantity_info": [[250.0, "ml"]], "image_url": "/media/uploads/public/71/308/151908-c9003-product_list.jpg", "unit_price_raw": "kr 250,80 per l", "product_url": "https://kolonial.no/produkter/24810-martin-pouret-bringebaereddik/", "kolonial_id": "24810"},
  {"category": "Syltet\u00f8y", "category_list": ["Alle varer", "P\u00e5legg", "Syltet\u00f8y"], "title": "Moltesyltet\u00f8y", "price": 40.9, "product_variant": "375 g", "quantity_info": [[375.0, "g"]], "image_url": "/media/uploads/public/60/384/971584-b05ff-product_list.jpg", "unit_price_raw": "kr 109,07 per kg", "product_url": "https://kolonial.no/produkter/23903-rema-1000-moltesyltetoy/", "kolonial_id": "23903"},
  {"category": "Syltet\u00f8y", "category_list": ["Alle varer", "P\u00e5legg", "Syltet\u00f8y"], "title": "Jordb\u00e6rsyltet\u00f8y Gourmet", "price": 39.1, "product_variant": "200 g", "quantity_info": [[200.0, "g"]], "image_url": "/media/uploads/public/381/25/513625-8a512-product_list.jpg", "unit_price_raw": "kr 195,50 per kg", "product_url": "https://kolonial.no/produkter/25679-loiten-jordbaersyltetoy-gourmet/", "kolonial_id": "25679"},
  {"category": "Kj\u00f8tt- og kyllingp\u00e5legg", "category_list": ["Alle varer", "P\u00e5legg", "Kj\u00f8tt- og kyllingp\u00e5legg"], "title": "Hamburgerrygg", "price": 32.9, "product_variant": "200 g", "quantity_info": [[200.0, "g"]], "image_url": "/media/uploads/public/187/326/708326-e03c1-product_list.jpg", "unit_price_raw": "kr 164,50 per kg", "product_url": "https://kolonial.no/produkter/27541-hamburgerrygg/", "kolonial_id": "27541"},
  {"category": "Spekemat og salami", "category_list": ["Alle varer", "P\u00e5legg", "Spekemat og salami"], "title": "Reinsdyrsnabb Hel", "price": 79.6, "product_variant": "220 g", "quantity_info": [[220.0, "g"]], "image_url": "/media/uploads/public/76/49/154849-d9aad-product_list.jpg", "unit_price_raw": "kr 361,82 per kg", "product_url": "https://kolonial.no/produkter/24954-grilstad-reinsdyrsnabb-hel/", "kolonial_id": "24954"},
  {"category": "Kaffe", "category_list": ["Alle varer", "Drikkevarer", "Kaffe"], "title": "Cappuccino", "price": 22.6, "product_variant": "220 ml", "quantity_info": [[220.0, "ml"]], "image_url": "/media/uploads/public/311/235/967835-41fc2-product_list.jpg", "unit_price_raw": "kr 102,73 per l", "product_url": "https://kolonial.no/produkter/15645-starbucks-starbucks-cappuccino/", "kolonial_id": "15645"},
  {"category": "Spesialoster", "category_list": ["Alle varer", "Oster", "Spesialoster"], "title": "Ekte Feta", "price": 29.9, "product_variant": "Olympus, 150 g", "quantity_info": [[150.0, "g"]], "image_url": "/media/uploads/public/31/120/1010920-73eae-product_list.jpg", "unit_price_raw": "kr 199,33 per kg", "product_url": "https://kolonial.no/produkter/27573-feta-ekte/", "kolonial_id": "27573"},
  {"category": "Spesialoster", "category_list": ["Alle varer", "Oster", "Spesialoster"], "title": "Grana Padano", "price": 49.9, "product_variant": "200 g", "quantity_info": [[200.0, "g"]], "image_url": "/media/uploads/public/297/149/708949-14b58-product_list.jpg", "unit_price_raw": "kr 249,50 per kg", "product_url": "https://kolonial.no/produkter/27576-grana-padano-200g-1-stk/", "kolonial_id": "27576"},
  {"category": "Brus", "category_list": ["Alle varer", "Drikkevarer", "Brus"], "title": "Tab X-tra", "price": 26.1, "product_variant": "0,5 l", "quantity_info": [[0.5, "l"]], "image_url": "/media/uploads/public/302/292/971092-31d00-product_list.jpg", "unit_price_raw": "kr 52,20 per l", "product_url": "https://kolonial.no/produkter/23309-tab-x-tra/", "kolonial_id": "23309"},
  {"category": "Brus", "category_list": ["Alle varer", "Drikkevarer", "Brus"], "title": "Mountain Dew", "price": 28.4, "product_variant": "0,5 l", "quantity_info": [[0.5, "l"]], "image_url": "/media/uploads/public/0/74/82474-d1e42-product_list.jpg", "unit_price_raw": "kr 56,80 per l", "product_url": "https://kolonial.no/produkter/20113-mountain-dew-mountain-dew/", "kolonial_id": "20113"},
  {"category": "Melk", "category_list": ["Alle varer", "Melk, meieriprodukter og egg", "Melk"], "title": "Syrna Bl\u00e5", "price": 35.9, "product_variant": "\u00d8kologisk, 1 l", "quantity_info": [[1.0, "l"]], "image_url": "/media/uploads/public/397/33/973233-9cab6-product_list.jpg", "unit_price_raw": "kr 35,90 per l", "product_url": "https://kolonial.no/produkter/27281-rorosmeieriet-syrna-bla-okologisk/", "kolonial_id": "27281"},
  {"category": "Shampo og h\u00e5rprodukter", "category_list": ["Alle varer", "Shampo, s\u00e5pe og krem", "Shampo og h\u00e5rprodukter"], "title": "Hair Spray", "price": 52.4, "product_variant": "250 ml", "quantity_info": [[250.0, "ml"]], "image_url": "/media/uploads/public/49/306/143106-8b7fe-product_list.jpg", "unit_price_raw": "kr 209,60 per l", "product_url": "https://kolonial.no/produkter/24308-fab-hair-hair-spray/", "kolonial_id": "24308"},
  {"category": "Shampo og h\u00e5rprodukter", "category_list": ["Alle varer", "Shampo, s\u00e5pe og krem", "Shampo og h\u00e5rprodukter"], "title": "Hairspray Extreme Hold", "price": 67.4, "product_variant": "250 ml", "quantity_info": [[250.0, "ml"]], "image_url": "/media/uploads/public/252/212/971812-3e6af-product_list.jpg", "unit_price_raw": "kr 269,60 per l", "product_url": "https://kolonial.no/produkter/883-define-hairspray-extreme-hold/", "kolonial_id": "883"},
  {"category": "Baketilbeh\u00f8r", "category_list": ["Alle varer", "Mel og bakeingredienser", "Baketilbeh\u00f8r"], "title": "Sommerfuglstr\u00f8ssel", "price": 22.6, "product_variant": "40 g", "quantity_info": [[40.0, "g"]], "image_url": "/media/uploads/public/69/198/370198-32190-product_list.jpg", "unit_price_raw": "kr 565,00 per kg", "product_url": "https://kolonial.no/produkter/25899-freia-sommerfuglstrossel/", "kolonial_id": "25899"},
  {"category": "Baketilbeh\u00f8r", "category_list": ["Alle varer", "Mel og bakeingredienser", "Baketilbeh\u00f8r"], "title": "T\u00f8rsleffs Kondensert Melk", "price": 39.9, "product_variant": "397 g", "quantity_info": [[397.0, "g"]], "image_url": "/media/uploads/public/159/94/992494-768ed-product_list.jpg", "unit_price_raw": "kr 100,50 per kg", "product_url": "https://kolonial.no/produkter/28018-torsleffs-kondensert-melk/", "kolonial_id": "28018"},
  {"category": "Oljer og dressinger", "category_list": ["Alle varer", "Olje og krydder", "Oljer og dressinger"], "title": "Hasseln\u00f8ttolje", "price": 73.0, "product_variant": "250 ml", "quantity_info": [[250.0, "ml"]], "image_url": "/media/uploads/public/197/24/156424-2eb1a-product_list.jpg", "unit_price_raw": "kr 292,00 per l", "product_url": "https://kolonial.no/produkter/25181-hasselnottolje/", "kolonial_id": "25181"},
  {"category": "Oljer og dressinger", "category_list": ["Alle varer", "Olje og krydder", "Oljer og dressinger"], "title": "Hvitvinseddik", "price": 42.1, "product_variant": "250 ml", "quantity_info": [[250.0, "ml"]], "image_url": "/media/uploads/public/142/312/151912-bfc6d-product_list.jpg", "unit_price_raw": "kr 168,40 per l", "product_url": "https://kolonial.no/produkter/24806-martin-pouret-hvitvinseddik/", "kolonial_id": "24806"},
  {"category": "Syltet\u00f8y", "category_list": ["Alle varer", "P\u00e5legg", "Syltet\u00f8y"], "title": "Jordb\u00e6rsyltet\u00f8y", "price": 33.9, "product_variant": "200 g", "quantity_info": [[200.0, "g"]], "image_url": "/media/uploads/public/98/210/325010-7289d-product_list.jpg", "unit_price_raw": "kr 169,50 per kg", "product_url": "https://kolonial.no/produkter/25672-loiten-jordbaersyltetoy/", "kolonial_id": "25672"},
  {"category": "Syltet\u00f8y", "category_list": ["Alle varer", "P\u00e5legg", "Syltet\u00f8y"], "title": "Kirseb\u00e6rgele", "price": 33.9, "product_variant": "200 g", "quantity_info": [[200.0, "g"]], "image_url": "/media/uploads/public/127/202/325002-bf419-product_list.jpg", "unit_price_raw": "kr 169,50 per kg", "product_url": "https://kolonial.no/produkter/25663-kirsebaergele-1-stk/", "kolonial_id": "25663"},
  {"category": "Spekemat og salami", "category_list": ["Alle varer", "P\u00e5legg", "Spekemat og salami"], "title": "Pepperoni Hel", "price": 64.4, "product_variant": "220 g", "quantity_info": [[220.0, "g"]], "image_url": "/media/uploads/public/235/50/154850-ee0c8-product_list.jpg", "unit_price_raw": "kr 292,73 per kg", "product_url": "https://kolonial.no/produkter/24955-grilstad-pepperoni-hel/", "kolonial_id": "24955"},
  {"category": "Kaffe", "category_list": ["Alle varer", "Drikkevarer", "Kaffe"], "title": "Caramel Macchiato", "price": 22.6, "product_variant": "220 ml", "quantity_info": [[220.0, "ml"]], "image_url": "/media/uploads/public/90/367/164767-7743a-product_list.jpg", "unit_price_raw": "kr 102,73 per l", "product_url": "https://kolonial.no/produkter/25233-starbucks-caramel-macchiato/", "kolonial_id": "25233"},
  {"category": "Spesialoster", "category_list": ["Alle varer", "Oster", "Spesialoster"], "title": "Bl\u00e5muggost", "price": 35.0, "product_variant": "125 g", "quantity_info": [[125.0, "g"]], "image_url": "/media/uploads/public/303/63/1012863-eeed5-product_list.jpg", "unit_price_raw": "kr 280,00 per kg", "product_url": "https://kolonial.no/produkter/28095-kolonihagen-blamuggost-125g-012-kg/", "kolonial_id": "28095"},
  {"category": "Brus", "category_list": ["Alle varer", "Drikkevarer", "Brus"], "title": "Tonic Zero", "price": 23.9, "product_variant": "0,5 l", "quantity_info": [[0.5, "l"]], "image_url": "/media/uploads/public/49/116/611716-4a3ab-product_list.jpg", "unit_price_raw": "kr 47,80 per l", "product_url": "https://kolonial.no/produkter/23143-schweppes-tonic-zero/", "kolonial_id": "23143"},
  {"category": "Melk", "category_list": ["Alle varer", "Melk, meieriprodukter og egg", "Melk"], "title": "Biola Jordb\u00e6r & Rabarbradrikk", "price": 43.8, "product_variant": "1 l", "quantity_info": [[1.0, "l"]], "image_url": "/media/uploads/public/296/391/971991-2181a-product_list.jpg", "unit_price_raw": "kr 43,80 per l", "product_url": "https://kolonial.no/produkter/25472-tine-biola-jordbaer-rabarbarbradrikk/", "kolonial_id": "25472"},
  {"category": "Shampo og h\u00e5rprodukter", "category_list": ["Alle varer", "Shampo, s\u00e5pe og krem", "Shampo og h\u00e5rprodukter"], "title": "Pure Volume Mousse", "price": 69.5, "product_variant": "200 ml", "quantity_info": [[200.0, "ml"]], "image_url": "/media/uploads/public/130/30/411230-32250-product_list.jpg", "unit_price_raw": "kr 347,50 per l", "product_url": "https://kolonial.no/produkter/26144-define-pure-volume-mousse/", "kolonial_id": "26144"},
  {"category": "Shampo og h\u00e5rprodukter", "category_list": ["Alle varer", "Shampo, s\u00e5pe og krem", "Shampo og h\u00e5rprodukter"], "title": "H\u00e5rspray Kraftig Elnett", "price": 52.0, "product_variant": "250 ml", "quantity_info": [[250.0, "ml"]], "image_url": "/media/uploads/public/45/351/964351-3abb0-product_list.jpg", "unit_price_raw": "kr 208,00 per l", "product_url": "https://kolonial.no/produkter/7693-loreal-harspray-kraftig-elnett-250ml/", "kolonial_id": "7693"},
  {"category": "Oljer og dressinger", "category_list": ["Alle varer", "Olje og krydder", "Oljer og dressinger"], "title": "Eplecidereddik", "price": 42.1, "product_variant": "250 ml", "quantity_info": [[250.0, "ml"]], "image_url": "/media/uploads/public/207/314/151914-d4f6c-product_list.jpg", "unit_price_raw": "kr 168,40 per l", "product_url": "https://kolonial.no/produkter/24819-martin-pouret-eplecidereddik/", "kolonial_id": "24819"},
  {"category": "Kaffe", "category_list": ["Alle varer", "Drikkevarer", "Kaffe"], "title": "Kaffe, Filtermalt", "price": 46.4, "product_variant": "500 g", "quantity_info": [[500.0, "g"]], "image_url": "/media/uploads/public/69/360/969160-da840-product_list.jpg", "unit_price_raw": "kr 92,80 per kg", "product_url": "https://kolonial.no/produkter/15172-rema-1000-kaffe-filtermalt-500g/", "kolonial_id": "15172"},
  {"category": "Melk", "category_list": ["Alle varer", "Melk, meieriprodukter og egg", "Melk"], "title": "Biola R\u00f8dbet, Eple & Lime", "price": 32.9, "product_variant": "1 l", "quantity_info": [[1.0, "l"]], "image_url": "/media/uploads/public/88/269/151869-e9f99-product_list.jpg", "unit_price_raw": "kr 32,90 per l", "product_url": "https://kolonial.no/produkter/24682-tine-biola-rodbet-eple-lime/", "kolonial_id": "24682"},
  {"category": "Melk", "category_list": ["Alle varer", "Melk, meieriprodukter og egg", "Melk"], "title": "E+ Plussdrikk Bl\u00e5b\u00e6r", "price": 39.1, "product_variant": "0,5 l", "quantity_info": [[0.5, "l"]], "image_url": "/media/uploads/public/366/326/248726-ef3c9-product_list.jpg", "unit_price_raw": "kr 78,20 per l", "product_url": "https://kolonial.no/produkter/25483-tine-e-plussdrikk-blabaer/", "kolonial_id": "25483"},
  {"category": "Shampo og h\u00e5rprodukter", "category_list": ["Alle varer", "Shampo, s\u00e5pe og krem", "Shampo og h\u00e5rprodukter"], "title": "H\u00e5rspray", "price": 44.5, "product_variant": "Extra strong hold, 200 ml", "quantity_info": [[200.0, "ml"]], "image_url": "/media/uploads/public/215/124/964524-a2277-product_list.jpg", "unit_price_raw": "kr 222,50 per l", "product_url": "https://kolonial.no/produkter/7405-clynol-harspray-extra-strong-hold/", "kolonial_id": "7405"},
  {"category": "Shampo og h\u00e5rprodukter", "category_list": ["Alle varer", "Shampo, s\u00e5pe og krem", "Shampo og h\u00e5rprodukter"], "title": "Magic Retouch M\u00f8rk Brun", "price": 132.9, "product_variant": "75 ml", "quantity_info": [[75.0, "ml"]], "image_url": "/media/uploads/public/35/44/155244-eab8c-product_list.jpg", "unit_price_raw": "kr 1772,00 per l", "product_url": "https://kolonial.no/produkter/25058-loreal-magic-retouch-mork-brun/", "kolonial_id": "25058"},
  {"category": "Melk", "category_list": ["Alle varer", "Melk, meieriprodukter og egg", "Melk"], "title": "E+ Plussdrikk Bringeb\u00e6r", "price": 39.1, "product_variant": "0,5 l", "quantity_info": [[0.5, "l"]], "image_url": "/media/uploads/public/313/331/248731-7174c-product_list.jpg", "unit_price_raw": "kr 78,20 per l", "product_url": "https://kolonial.no/produkter/25484-tine-e-plussdrikk-bringebaer/", "kolonial_id": "25484"},
  {"category": "Shampo og h\u00e5rprodukter", "category_list": ["Alle varer", "Shampo, s\u00e5pe og krem", "Shampo og h\u00e5rprodukter"], "title": "Magic Retouch Svart", "price": 133.5, "product_variant": "75 ml", "quantity_info": [[75.0, "ml"]], "image_url": "/media/uploads/public/60/45/155245-cbdce-product_list.jpg", "unit_price_raw": "kr 1780,00 per l", "product_url": "https://kolonial.no/produkter/25059-loreal-magic-retouch-svart/", "kolonial_id": "25059"},
  {"category": "Shampo og h\u00e5rprodukter", "category_list": ["Alle varer", "Shampo, s\u00e5pe og krem", "Shampo og h\u00e5rprodukter"], "title": "Ekstra Lyse Striper", "price": 101.9, "product_variant": "Nutrisse Truly Blond, 1 stk", "quantity_info": [[1.0, "stk"]], "image_url": "/media/uploads/public/355/58/296058-fd2b6-product_list.jpg", "unit_price_raw": "kr 101,90 per stk", "product_url": "https://kolonial.no/produkter/25395-garnier-ekstra-lyse-striper-nutrisse-truly-blond/", "kolonial_id": "25395"},
  {"category": "Melk", "category_list": ["Alle varer", "Melk, meieriprodukter og egg", "Melk"], "title": "E+ Plussdrikk Kaffe", "price": 37.9, "product_variant": "0,5 l", "quantity_info": [[0.5, "l"]], "image_url": "/media/uploads/public/190/150/972150-dfebf-product_list.jpg", "unit_price_raw": "kr 75,80 per l", "product_url": "https://kolonial.no/produkter/25482-tine-e-plussdrikk-kaffe/", "kolonial_id": "25482"},
  {"category": "Melk", "category_list": ["Alle varer", "Melk, meieriprodukter og egg", "Melk"], "title": "E+ Plussdrikk Kakao", "price": 39.1, "product_variant": "0,5 l", "quantity_info": [[0.5, "l"]], "image_url": "/media/uploads/public/391/330/248730-ae091-product_list.jpg", "unit_price_raw": "kr 78,20 per l", "product_url": "https://kolonial.no/produkter/25485-tine-e-plussdrikk-kakao/", "kolonial_id": "25485"},
  {"category": "Baketilbeh\u00f8r", "category_list": ["Alle varer", "Mel og bakeingredienser", "Baketilbeh\u00f8r"], "title": "Favorittblanding", "price": 33.9, "product_variant": "75 g", "quantity_info": [[75.0, "g"]], "image_url": "/media/uploads/public/91/26/984426-65e98-product_list.jpg", "unit_price_raw": "kr 452,00 per kg", "product_url": "https://kolonial.no/produkter/27969-idun-mh-favorittblanding-75g-075-kg/", "kolonial_id": "27969"},
  {"category": "Krydder", "category_list": ["Alle varer", "Olje og krydder", "Krydder"], "title": "Vaniljestang", "price": 50.9, "product_variant": "3 g", "quantity_info": [[3.0, "g"]], "image_url": "/media/uploads/public/238/311/965511-3acd8-product_list.jpg", "unit_price_raw": "kr 16966,67 per kg", "product_url": "https://kolonial.no/produkter/6118-toro-vaniljestang-3g/", "kolonial_id": "6118"},
  {"category": "Krydder", "category_list": ["Alle varer", "Olje og krydder", "Krydder"], "title": "Sursildkrydder", "price": 14.9, "product_variant": "Hel, 12 g", "quantity_info": [[12.0, "g"]], "image_url": "/media/uploads/public/370/270/969070-b3ae2-product_list.jpg", "unit_price_raw": "kr 1241,67 per kg", "product_url": "https://kolonial.no/produkter/17284-toro-sursildkrydder-hel/", "kolonial_id": "17284"},
  {"category": "Krydder", "category_list": ["Alle varer", "Olje og krydder", "Krydder"], "title": "Grillkrydder", "price": 48.0, "product_variant": "300 g", "quantity_info": [[300.0, "g"]], "image_url": "/media/uploads/public/16/7/973607-60057-product_list.jpg", "unit_price_raw": "kr 160,00 per kg", "product_url": "https://kolonial.no/produkter/8504-rema-1000-grillkrydder-300g/", "kolonial_id": "8504"},
  {"category": "Hermetisert frukt og gr\u00f8nt", "category_list": ["Alle varer", "Frukt og gr\u00f8nt", "Hermetisert frukt og gr\u00f8nt"], "title": "Ananas i Biter", "price": 24.8, "product_variant": "681 g", "quantity_info": [[681.0, "g"]], "image_url": "/media/uploads/public/26/359/967959-ba46f-product_list.jpg", "unit_price_raw": "kr 36,42 per kg", "product_url": "https://kolonial.no/produkter/13363-rema-1000-ananas-i-biter-680g/", "kolonial_id": "13363"},
  {"category": "Krydder", "category_list": ["Alle varer", "Olje og krydder", "Krydder"], "title": "Gurkemeie Malt", "price": 50.8, "product_variant": "\u00d8kologisk, 35 g", "quantity_info": [[35.0, "g"]], "image_url": "/media/uploads/public/0/150/83350-e415f-product_list.jpg", "unit_price_raw": "kr 1451,43 per kg", "product_url": "https://kolonial.no/produkter/20395-helios-gurkemeie-malt-okologisk/", "kolonial_id": "20395"},
  {"category": "Hermetisert frukt og gr\u00f8nt", "category_list": ["Alle varer", "Frukt og gr\u00f8nt", "Hermetisert frukt og gr\u00f8nt"], "title": "Ananas i Biter", "price": 13.8, "product_variant": "565 g", "quantity_info": [[565.0, "g"]], "image_url": "/media/uploads/public/53/256/968656-f4dc7-product_list.jpg", "unit_price_raw": "kr 24,42 per kg", "product_url": "https://kolonial.no/produkter/16311-rema-1000-ananas-i-biter/", "kolonial_id": "16311"},
  {"category": "Hermetisert frukt og gr\u00f8nt", "category_list": ["Alle varer", "Frukt og gr\u00f8nt", "Hermetisert frukt og gr\u00f8nt"], "title": "Halve P\u00e6rer", "price": 17.7, "product_variant": "460 g", "quantity_info": [[460.0, "g"]], "image_url": "/media/uploads/public/278/148/966148-da1f8-product_list.jpg", "unit_price_raw": "kr 38,48 per kg", "product_url": "https://kolonial.no/produkter/8676-rema-1000-halve-paerer-820g/", "kolonial_id": "8676"},
  {"category": "Yoghurt", "category_list": ["Alle varer", "Melk, meieriprodukter og egg", "Yoghurt"], "title": "Activia Korn", "price": 31.1, "product_variant": "4x120g, 1 stk", "quantity_info": [[4.0, "x"], [120.0, "g"], [1.0, "stk"]], "image_url": "/media/uploads/public/38/169/969769-bad59-product_list.jpg", "unit_price_raw": "kr 31,10 per stk", "product_url": "https://kolonial.no/produkter/5128-danone-activia-korn-4x120g/", "kolonial_id": "5128"},
  {"category": "Krydder", "category_list": ["Alle varer", "Olje og krydder", "Krydder"], "title": "Ceylon Kanel Malt", "price": 48.5, "product_variant": "\u00d8kologisk, 30 g", "quantity_info": [[30.0, "g"]], "image_url": "/media/uploads/public/0/141/83341-406c8-product_list.jpg", "unit_price_raw": "kr 1616,67 per kg", "product_url": "https://kolonial.no/produkter/20386-helios-ceylon-kanel-malt-okologisk/", "kolonial_id": "20386"},
  {"category": "Hermetisert frukt og gr\u00f8nt", "category_list": ["Alle varer", "Frukt og gr\u00f8nt", "Hermetisert frukt og gr\u00f8nt"], "title": "Aprikoser Halve", "price": 15.8, "product_variant": "410 g", "quantity_info": [[410.0, "g"]], "image_url": "/media/uploads/public/0/294/39894-de4ea-product_list.jpg", "unit_price_raw": "kr 38,54 per kg", "product_url": "https://kolonial.no/produkter/16359-rema-1000-aprikoser-halve/", "kolonial_id": "16359"},
  {"category": "Yoghurt", "category_list": ["Alle varer", "Melk, meieriprodukter og egg", "Yoghurt"], "title": "Soyayoghurt", "price": 28.2, "product_variant": "Bl\u00e5b\u00e6r 4x125g, 500 g", "quantity_info": [[4.0, "x"], [125.0, "g"], [500.0, "g"]], "image_url": "/media/uploads/public/302/297/966697-49cdf-product_list.jpg", "unit_price_raw": "kr 56,40 per kg", "product_url": "https://kolonial.no/produkter/1206-soyayoghurt-blabaer-4x125g/", "kolonial_id": "1206"},
  {"category": "Krydder", "category_list": ["Alle varer", "Olje og krydder", "Krydder"], "title": "Krydderiet Lammekrydder", "price": 19.5, "product_variant": "17 g", "quantity_info": [[17.0, "g"]], "image_url": "/media/uploads/public/183/247/970247-af6dc-product_list.jpg", "unit_price_raw": "kr 1147,06 per kg", "product_url": "https://kolonial.no/produkter/21124-toro-krydderiet-lammekrydder/", "kolonial_id": "21124"},
  {"category": "Hermetisert frukt og gr\u00f8nt", "category_list": ["Alle varer", "Frukt og gr\u00f8nt", "Hermetisert frukt og gr\u00f8nt"], "title": "Nora Sviskekompott", "price": 22.7, "product_variant": "455 g", "quantity_info": [[455.0, "g"]], "image_url": "/media/uploads/public/128/110/965310-5463b-product_list.jpg", "unit_price_raw": "kr 49,89 per kg", "product_url": "https://kolonial.no/produkter/6550-nora-nora-sviskekompott-455g/", "kolonial_id": "6550"},
  {"category": "Hermetisert frukt og gr\u00f8nt", "category_list": ["Alle varer", "Frukt og gr\u00f8nt", "Hermetisert frukt og gr\u00f8nt"], "title": "Aprikoskompott", "price": 33.0, "product_variant": "465 g", "quantity_info": [[465.0, "g"]], "image_url": "/media/uploads/public/0/18/22018-e89e9-product_list.jpg", "unit_price_raw": "kr 70,97 per kg", "product_url": "https://kolonial.no/produkter/13222-nora-aprikoskompott-465g/", "kolonial_id": "13222"},
  {"category": "Kj\u00f8tt- og kyllingp\u00e5legg", "category_list": ["Alle varer", "P\u00e5legg", "Kj\u00f8tt- og kyllingp\u00e5legg"], "title": "Kylling Servelat", "price": 12.9, "product_variant": "Halal, 100 g", "quantity_info": [[100.0, "g"]], "image_url": "/media/uploads/public/100/202/973802-d1c5c-product_list.jpg", "unit_price_raw": "kr 129,00 per kg", "product_url": "https://kolonial.no/produkter/27650-kylling-servelat-halal/", "kolonial_id": "27650"},
  {"category": "Yoghurt", "category_list": ["Alle varer", "Melk, meieriprodukter og egg", "Yoghurt"], "title": "Alternativ til Yoghurt Fersken & P\u00e6re + Jordb\u00e6r & Banan", "price": 44.2, "product_variant": "500 g", "quantity_info": [[500.0, "g"]], "image_url": "/media/uploads/public/0/201/83401-b514b-product_list.jpg", "unit_price_raw": "kr 88,40 per kg", "product_url": "https://kolonial.no/produkter/20464-alpro-alternativ-til-yoghurt-fersken-paere-jordbae/", "kolonial_id": "20464"},
  {"category": "Krydder", "category_list": ["Alle varer", "Olje og krydder", "Krydder"], "title": "Pepperrot p\u00e5 tube", "price": 20.9, "product_variant": "50 g", "quantity_info": [[50.0, "g"]], "image_url": "/media/uploads/public/0/313/21913-66e8a-product_list.jpg", "unit_price_raw": "kr 418,00 per kg", "product_url": "https://kolonial.no/produkter/10981-pepperrot-pa-tube/", "kolonial_id": "10981"},
  {"category": "Hermetisert frukt og gr\u00f8nt", "category_list": ["Alle varer", "Frukt og gr\u00f8nt", "Hermetisert frukt og gr\u00f8nt"], "title": "Kirseb\u00e6rkompott", "price": 31.4, "product_variant": "465 g", "quantity_info": [[465.0, "g"]], "image_url": "/media/uploads/public/94/91/965291-58126-product_list.jpg", "unit_price_raw": "kr 67,53 per kg", "product_url": "https://kolonial.no/produkter/13225-nora-kirsebaerkompott-465g/", "kolonial_id": "13225"},
  {"category": "Hermetisert frukt og gr\u00f8nt", "category_list": ["Alle varer", "Frukt og gr\u00f8nt", "Hermetisert frukt og gr\u00f8nt"], "title": "Tahin M\u00f8rk Uten Salt", "price": 49.3, "product_variant": "\u00d8kologisk, 250 g", "quantity_info": [[250.0, "g"]], "image_url": "/media/uploads/public/0/21/83221-ecae9-product_list.jpg", "unit_price_raw": "kr 197,20 per kg", "product_url": "https://kolonial.no/produkter/20287-helios-tahin-mork-uten-salt-okologisk/", "kolonial_id": "20287"},
  {"category": "Ferdige middagsretter", "category_list": ["Alle varer", "Middager og tilbeh\u00f8r", "Ferdige middagsretter"], "title": "Terina Innherredsodd", "price": 155.4, "product_variant": "1,9 kg", "quantity_info": [[1.9, "kg"]], "image_url": "/media/uploads/public/32/365/141165-2b761-product_list.jpg", "unit_price_raw": "kr 81,79 per kg", "product_url": "https://kolonial.no/produkter/24104-terina-terina-innherredsodd/", "kolonial_id": "24104"},
  {"category": "Ferdige middagsretter", "category_list": ["Alle varer", "Middager og tilbeh\u00f8r", "Ferdige middagsretter"], "title": "Brimis Middagskaker", "price": 69.9, "product_variant": "565 g", "quantity_info": [[565.0, "g"]], "image_url": "/media/uploads/public/393/267/710267-bf287-product_list.jpg", "unit_price_raw": "kr 123,72 per kg", "product_url": "https://kolonial.no/produkter/27596-brimis-middagskaker/", "kolonial_id": "27596"},
  {"category": "Kj\u00f8tt- og kyllingp\u00e5legg", "category_list": ["Alle varer", "P\u00e5legg", "Kj\u00f8tt- og kyllingp\u00e5legg"], "title": "Gjesteskinke", "price": 24.9, "product_variant": "200 g", "quantity_info": [[200.0, "g"]], "image_url": "/media/uploads/public/135/329/708329-a2bb5-product_list.jpg", "unit_price_raw": "kr 124,50 per kg", "product_url": "https://kolonial.no/produkter/27542-gjesteskinke/", "kolonial_id": "27542"},
  {"category": "Yoghurt", "category_list": ["Alle varer", "Melk, meieriprodukter og egg", "Yoghurt"], "title": "Soyayoghurt", "price": 44.0, "product_variant": "Jordb\u00e6r, Eple & Rabarbra, 4x125g, 500 g", "quantity_info": [[4.0, "x"], [125.0, "g"], [500.0, "g"]], "image_url": "/media/uploads/public/0/120/17320-67a77-product_list.jpg", "unit_price_raw": "kr 88,00 per kg", "product_url": "https://kolonial.no/produkter/11065-alpro-soyayoghurt-jordbaer-eple-rabarbra-4x125g/", "kolonial_id": "11065"},
  {"category": "Krydder", "category_list": ["Alle varer", "Olje og krydder", "Krydder"], "title": "Madagaskar Pepperkorn", "price": 31.8, "product_variant": "55 g", "quantity_info": [[55.0, "g"]], "image_url": "/media/uploads/public/170/300/151900-cdde2-product_list.jpg", "unit_price_raw": "kr 578,18 per kg", "product_url": "https://kolonial.no/produkter/24767-madagaskar-pepperkorn/", "kolonial_id": "24767"},
  {"category": "Krydder", "category_list": ["Alle varer", "Olje og krydder", "Krydder"], "title": "Nellik Hel", "price": 14.9, "product_variant": "10 g", "quantity_info": [[10.0, "g"]], "image_url": "/media/uploads/public/316/50/968850-86b17-product_list.jpg", "unit_price_raw": "kr 1490,00 per kg", "product_url": "https://kolonial.no/produkter/16708-toro-nellik-hel/", "kolonial_id": "16708"},
  {"category": "Gr\u00f8nnsaker", "category_list": ["Alle varer", "Frukt og gr\u00f8nt", "Gr\u00f8nnsaker"], "title": "R\u00f8dbeter", "price": 91.1, "product_variant": "Ferske, Norge, 500 g", "quantity_info": [[500.0, "g"]], "image_url": "/media/uploads/public/319/203/156603-b446b-product_list.jpg", "unit_price_raw": "kr 182,20 per kg", "product_url": "https://kolonial.no/produkter/23278-rodbeter-ferske-norge/", "kolonial_id": "23278"},
  {"category": "Ferdige middagsretter", "category_list": ["Alle varer", "Middager og tilbeh\u00f8r", "Ferdige middagsretter"], "title": "Brimis Viltboller", "price": 69.9, "product_variant": "535 g", "quantity_info": [[535.0, "g"]], "image_url": "/media/uploads/public/352/271/710271-f3ae4-product_list.jpg", "unit_price_raw": "kr 130,65 per kg", "product_url": "https://kolonial.no/produkter/27600-fjordland-brimis-viltboller/", "kolonial_id": "27600"},
  {"category": "Ferdige middagsretter", "category_list": ["Alle varer", "Middager og tilbeh\u00f8r", "Ferdige middagsretter"], "title": "Fish and Chips", "price": 59.0, "product_variant": "Rett i Ovnen, 500 g", "quantity_info": [[500.0, "g"]], "image_url": "/media/uploads/public/260/128/722928-b612f-product_list.jpg", "unit_price_raw": "kr 118,00 per kg", "product_url": "https://kolonial.no/produkter/27724-fish-chips-rett-i-ovnen/", "kolonial_id": "27724"},
  {"category": "Kj\u00f8tt- og kyllingp\u00e5legg", "category_list": ["Alle varer", "P\u00e5legg", "Kj\u00f8tt- og kyllingp\u00e5legg"], "title": "Kokt Skinke", "price": 39.9, "product_variant": "H\u00e5ndlaget, 200 g", "quantity_info": [[200.0, "g"]], "image_url": "/media/uploads/public/209/330/708330-9d380-product_list.jpg", "unit_price_raw": "kr 199,50 per kg", "product_url": "https://kolonial.no/produkter/27543-kokt-skinke-handlaget/", "kolonial_id": "27543"},
  {"category": "Kj\u00f8tt- og kyllingp\u00e5legg", "category_list": ["Alle varer", "P\u00e5legg", "Kj\u00f8tt- og kyllingp\u00e5legg"], "title": "Kyllingbryst P\u00e5legg", "price": 19.9, "product_variant": "Halal, 100 g", "quantity_info": [[100.0, "g"]], "image_url": "/media/uploads/public/286/391/973591-bcb22-product_list.jpg", "unit_price_raw": "kr 199,00 per kg", "product_url": "https://kolonial.no/produkter/27651-kyllingbryst-halal/", "kolonial_id": "27651"},
  {"category": "Yoghurt", "category_list": ["Alle varer", "Melk, meieriprodukter og egg", "Yoghurt"], "title": "Soyayoghurt Naturell", "price": 25.0, "product_variant": "Naturell \u00d8kologisk, 500 ml", "quantity_info": [[500.0, "ml"]], "image_url": "/media/uploads/public/0/216/1016-a4375-product_list.jpg", "unit_price_raw": "kr 50,00 per l", "product_url": "https://kolonial.no/produkter/1207-alpro-soyayoghurt-naturell-naturell-okologisk/", "kolonial_id": "1207"},
  {"category": "Yoghurt", "category_list": ["Alle varer", "Melk, meieriprodukter og egg", "Yoghurt"], "title": "Alternativ til Yoghurt Kokos", "price": 34.2, "product_variant": "500 g", "quantity_info": [[500.0, "g"]], "image_url": "/media/uploads/public/0/195/83395-3e828-product_list.jpg", "unit_price_raw": "kr 68,40 per kg", "product_url": "https://kolonial.no/produkter/20470-alpro-alternativ-til-yoghurt-kokos/", "kolonial_id": "20470"},
  {"category": "Krydder", "category_list": ["Alle varer", "Olje og krydder", "Krydder"], "title": "Anis Hel", "price": 10.6, "product_variant": "17 g", "quantity_info": [[17.0, "g"]], "image_url": "/media/uploads/public/34/53/154853-d5f7b-product_list.jpg", "unit_price_raw": "kr 623,53 per kg", "product_url": "https://kolonial.no/produkter/24963-santa-maria-anis-hel/", "kolonial_id": "24963"},
  {"category": "Gr\u00f8nnsaker", "category_list": ["Alle varer", "Frukt og gr\u00f8nt", "Gr\u00f8nnsaker"], "title": "Gule Beter", "price": 30.9, "product_variant": "Ferske, Holland, 500 g", "quantity_info": [[500.0, "g"]], "image_url": "/media/uploads/public/69/332/125532-81ddd-product_list.jpg", "unit_price_raw": "kr 61,80 per kg", "product_url": "https://kolonial.no/produkter/23277-gule-beter-ferske-holland/", "kolonial_id": "23277"},
  {"category": "Gr\u00f8nnsaker", "category_list": ["Alle varer", "Frukt og gr\u00f8nt", "Gr\u00f8nnsaker"], "title": "Chioggiabeter", "price": 30.9, "product_variant": "Ferske, Norge, 500 g", "quantity_info": [[500.0, "g"]], "image_url": "/media/uploads/public/380/330/125530-f1a74-product_list.jpg", "unit_price_raw": "kr 61,80 per kg", "product_url": "https://kolonial.no/produkter/23279-chioggiabeter-ferske-norge/", "kolonial_id": "23279"},
  {"category": "Hermetisert frukt og gr\u00f8nt", "category_list": ["Alle varer", "Frukt og gr\u00f8nt", "Hermetisert frukt og gr\u00f8nt"], "title": "Kidneyb\u00f8nner", "price": 11.9, "product_variant": "\u00d8kologisk, 180 g", "quantity_info": [[180.0, "g"]], "image_url": "/media/uploads/public/74/288/971488-1c013-product_list.jpg", "unit_price_raw": "kr 66,11 per kg", "product_url": "https://kolonial.no/produkter/23656-rema-1000-kidneybonner-okologisk/", "kolonial_id": "23656"},
  {"category": "Hermetisert frukt og gr\u00f8nt", "category_list": ["Alle varer", "Frukt og gr\u00f8nt", "Hermetisert frukt og gr\u00f8nt"], "title": "Kikerter", "price": 11.9, "product_variant": "\u00d8kologisk, 290 g", "quantity_info": [[290.0, "g"]], "image_url": "/media/uploads/public/285/241/971041-1cff4-product_list.jpg", "unit_price_raw": "kr 41,03 per kg", "product_url": "https://kolonial.no/produkter/23655-rema-1000-kikerter-okologisk/", "kolonial_id": "23655"},
  {"category": "Proteinsnacks og vitamingodis", "category_list": ["Alle varer", "Trening", "Proteinsnacks og vitamingodis"], "title": "BCAA Gummies", "price": 80.0, "product_variant": "150 g", "quantity_info": [[150.0, "g"]], "image_url": "/media/uploads/public/312/268/973068-4d8f7-product_list.jpg", "unit_price_raw": "kr 533,33 per kg", "product_url": "https://kolonial.no/produkter/27083-proteinfabrikken-bcaa-gummies-150g/", "kolonial_id": "27083"},
  {"category": "Ferdige middagsretter", "category_list": ["Alle varer", "Middager og tilbeh\u00f8r", "Ferdige middagsretter"], "title": "Fjordland Karrikylling", "price": 69.9, "product_variant": "460 g", "quantity_info": [[460.0, "g"]], "image_url": "/media/uploads/public/391/72/713672-cc6c3-product_list.jpg", "unit_price_raw": "kr 151,96 per kg", "product_url": "https://kolonial.no/produkter/27629-fjordland-fjordland-karrikylling/", "kolonial_id": "27629"},
  {"category": "Ferdige middagsretter", "category_list": ["Alle varer", "Middager og tilbeh\u00f8r", "Ferdige middagsretter"], "title": "Fjordland Kj\u00f8ttkaker med k\u00e5lstuing", "price": 59.9, "product_variant": "491 g", "quantity_info": [[491.0, "g"]], "image_url": "/media/uploads/public/344/274/710274-e60a8-product_list.jpg", "unit_price_raw": "kr 122,00 per kg", "product_url": "https://kolonial.no/produkter/27603-fjordland-fjordland-kjottkaker-med-kalstuing/", "kolonial_id": "27603"},
  {"category": "Kj\u00f8tt- og kyllingp\u00e5legg", "category_list": ["Alle varer", "P\u00e5legg", "Kj\u00f8tt- og kyllingp\u00e5legg"], "title": "Roastbeef", "price": 74.9, "product_variant": "Grillet, 200 g", "quantity_info": [[200.0, "g"]], "image_url": "/media/uploads/public/361/324/708324-b08df-product_list.jpg", "unit_price_raw": "kr 374,50 per kg", "product_url": "https://kolonial.no/produkter/27539-roastbeef-grillet/", "kolonial_id": "27539"},
  {"category": "Yoghurt", "category_list": ["Alle varer", "Melk, meieriprodukter og egg", "Yoghurt"], "title": "Alternativ til Yoghurt Vanilje", "price": 34.2, "product_variant": "500 g", "quantity_info": [[500.0, "g"]], "image_url": "/media/uploads/public/0/198/83398-8c9d2-product_list.jpg", "unit_price_raw": "kr 68,40 per kg", "product_url": "https://kolonial.no/produkter/20467-alpro-alternativ-til-yoghurt-vanilje/", "kolonial_id": "20467"},
  {"category": "Gr\u00f8nnsaker", "category_list": ["Alle varer", "Frukt og gr\u00f8nt", "Gr\u00f8nnsaker"], "title": "R\u00f8dbeter", "price": 49.9, "product_variant": "Kokt, i pose, Frankrike, 500 g", "quantity_info": [[500.0, "g"]], "image_url": "/media/uploads/public/120/202/156602-c4323-product_list.jpg", "unit_price_raw": "kr 99,80 per kg", "product_url": "https://kolonial.no/produkter/16227-rodbeter-kokt-i-pose-frankrike/", "kolonial_id": "16227"},
  {"category": "Gr\u00f8nnsaker", "category_list": ["Alle varer", "Frukt og gr\u00f8nt", "Gr\u00f8nnsaker"], "title": "Pastinakk", "price": 16.8, "product_variant": "Holland, 200 g", "quantity_info": [[200.0, "g"]], "image_url": "/media/uploads/public/391/30/642830-305c4-product_list.jpg", "unit_price_raw": "kr 84,00 per kg", "product_url": "https://kolonial.no/produkter/9305-pastinakk-holland/", "kolonial_id": "9305"},
  {"category": "Proteinsnacks og vitamingodis", "category_list": ["Alle varer", "Trening", "Proteinsnacks og vitamingodis"], "title": "Creatine Gummies", "price": 80.0, "product_variant": "150 g", "quantity_info": [[150.0, "g"]], "image_url": "/media/uploads/public/212/248/973048-99bbe-product_list.jpg", "unit_price_raw": "kr 533,33 per kg", "product_url": "https://kolonial.no/produkter/27084-proteinfabrikken-creatine-gummies/", "kolonial_id": "27084"},
  {"category": "Proteinsnacks og vitamingodis", "category_list": ["Alle varer", "Trening", "Proteinsnacks og vitamingodis"], "title": "Protein-is Banan", "price": 69.9, "product_variant": "500 g", "quantity_info": [[500.0, "g"]], "image_url": "/media/uploads/public/366/25/973625-fbd5e-product_list.jpg", "unit_price_raw": "kr 139,80 per kg", "product_url": "https://kolonial.no/produkter/27565-koupe-protein-banan/", "kolonial_id": "27565"},
  {"category": "Proteinsnacks og vitamingodis", "category_list": ["Alle varer", "Trening", "Proteinsnacks og vitamingodis"], "title": "Protein-is Jordb\u00e6r", "price": 69.9, "product_variant": "500 g", "quantity_info": [[500.0, "g"]], "image_url": "/media/uploads/public/160/20/973620-beb90-product_list.jpg", "unit_price_raw": "kr 139,80 per kg", "product_url": "https://kolonial.no/produkter/27567-koupe-protein-jordbaer/", "kolonial_id": "27567"},
  {"category": "Ferdige middagsretter", "category_list": ["Alle varer", "Middager og tilbeh\u00f8r", "Ferdige middagsretter"], "title": "Fransk Biffgryte", "price": 79.9, "product_variant": "450 g", "quantity_info": [[450.0, "g"]], "image_url": "/media/uploads/public/129/270/710270-85f72-product_list.jpg", "unit_price_raw": "kr 177,56 per kg", "product_url": "https://kolonial.no/produkter/27599-fjordland-fransk-biffgryte/", "kolonial_id": "27599"},
  {"category": "Kj\u00f8tt- og kyllingp\u00e5legg", "category_list": ["Alle varer", "P\u00e5legg", "Kj\u00f8tt- og kyllingp\u00e5legg"], "title": "Kokt Skinke \u00d8kologisk", "price": 29.0, "product_variant": "100 g", "quantity_info": [[100.0, "g"]], "image_url": "/media/uploads/public/366/328/861928-aa273-product_list.jpg", "unit_price_raw": "kr 290,00 per kg", "product_url": "https://kolonial.no/produkter/27841-kolonihagen-kokt-skinke-okologisk/", "kolonial_id": "27841"},
  {"category": "Kj\u00f8tt- og kyllingp\u00e5legg", "category_list": ["Alle varer", "P\u00e5legg", "Kj\u00f8tt- og kyllingp\u00e5legg"], "title": "B\u00f8kerr\u00f8kt Skinke \u00d8kologisk", "price": 39.0, "product_variant": "100 g", "quantity_info": [[100.0, "g"]], "image_url": "/media/uploads/public/264/327/861927-102d7-product_list.jpg", "unit_price_raw": "kr 390,00 per kg", "product_url": "https://kolonial.no/produkter/27842-kolonihagen-bokerrokt-skinke-okologisk/", "kolonial_id": "27842"},
  {"category": "Yoghurt", "category_list": ["Alle varer", "Melk, meieriprodukter og egg", "Yoghurt"], "title": "Yoghurt Fyldig Fersken", "price": 30.3, "product_variant": "380 g", "quantity_info": [[380.0, "g"]], "image_url": "/media/uploads/public/95/262/151862-723f6-product_list.jpg", "unit_price_raw": "kr 79,74 per kg", "product_url": "https://kolonial.no/produkter/24675-tine-yoghurt-fyldig-fersken/", "kolonial_id": "24675"},
  {"category": "Gr\u00f8nnsaker", "category_list": ["Alle varer", "Frukt og gr\u00f8nt", "Gr\u00f8nnsaker"], "title": "Persillerot", "price": 29.6, "product_variant": "Holland, 200 g", "quantity_info": [[200.0, "g"]], "image_url": "/media/uploads/public/316/31/642831-b02dc-product_list.jpg", "unit_price_raw": "kr 148,00 per kg", "product_url": "https://kolonial.no/produkter/9377-persillerot-holland/", "kolonial_id": "9377"},
  {"category": "Hermetisert frukt og gr\u00f8nt", "category_list": ["Alle varer", "Frukt og gr\u00f8nt", "Hermetisert frukt og gr\u00f8nt"], "title": "Oliven Kalamata med Sten", "price": 42.1, "product_variant": "190 g", "quantity_info": [[190.0, "g"]], "image_url": "/media/uploads/public/90/144/972944-f6260-product_list.jpg", "unit_price_raw": "kr 221,58 per kg", "product_url": "https://kolonial.no/produkter/20638-gaea-oliven-kalamata-med-sten/", "kolonial_id": "20638"},
  {"category": "Hermetisert frukt og gr\u00f8nt", "category_list": ["Alle varer", "Frukt og gr\u00f8nt", "Hermetisert frukt og gr\u00f8nt"], "title": "R\u00f8de Linser", "price": 11.9, "product_variant": "\u00d8kologisk, 180 g", "quantity_info": [[180.0, "g"]], "image_url": "/media/uploads/public/32/27/971227-139be-product_list.jpg", "unit_price_raw": "kr 66,11 per kg", "product_url": "https://kolonial.no/produkter/23657-rema-1000-rode-linser-okologisk/", "kolonial_id": "23657"},
  {"category": "Proteinsnacks og vitamingodis", "category_list": ["Alle varer", "Trening", "Proteinsnacks og vitamingodis"], "title": "Q Skyr Is Jordb\u00e6r", "price": 49.9, "product_variant": "0,5 l", "quantity_info": [[0.5, "l"]], "image_url": "/media/uploads/public/283/40/972440-5a179-product_list.jpg", "unit_price_raw": "kr 99,80 per l", "product_url": "https://kolonial.no/produkter/27692-q-meieriene-q-skyr-jordbaer/", "kolonial_id": "27692"},
  {"category": "Proteinsnacks og vitamingodis", "category_list": ["Alle varer", "Trening", "Proteinsnacks og vitamingodis"], "title": "Protein-is Vanilla", "price": 69.9, "product_variant": "500 g", "quantity_info": [[500.0, "g"]], "image_url": "/media/uploads/public/317/35/973635-f8477-product_list.jpg", "unit_price_raw": "kr 139,80 per kg", "product_url": "https://kolonial.no/produkter/27568-koupe-protein-vanilla/", "kolonial_id": "27568"},
  {"category": "Ferdige middagsretter", "category_list": ["Alle varer", "Middager og tilbeh\u00f8r", "Ferdige middagsretter"], "title": "Green curry Gryte med jasminris", "price": 79.88, "product_variant": "480 g", "quantity_info": [[480.0, "g"]], "image_url": "/media/uploads/public/175/221/979421-7c2c7-product_list.jpg", "unit_price_raw": "kr 166,42 per kg", "product_url": "https://kolonial.no/produkter/27920-mere-suppe-green-curry-gryte-med-jasminris/", "kolonial_id": "27920"},
  {"category": "Ferdigsauser", "category_list": ["Alle varer", "Middager og tilbeh\u00f8r", "Ferdigsauser"], "title": "Gr\u00f8nn Curry Paste", "price": 31.5, "product_variant": "110 g", "quantity_info": [[110.0, "g"]], "image_url": "/media/uploads/public/101/126/968126-5f2ca-product_list.jpg", "unit_price_raw": "kr 286,36 per kg", "product_url": "https://kolonial.no/produkter/14218-santa-maria-gronn-curry-paste-110g/", "kolonial_id": "14218"},
  {"category": "Godteri", "category_list": ["Alle varer", "Snacks og godteri", "Godteri"], "title": "Godt & Blandet Vingummi", "price": 53.8, "product_variant": "280 g", "quantity_info": [[280.0, "g"]], "image_url": "/media/uploads/public/200/80/973280-9ad23-product_list.jpg", "unit_price_raw": "kr 192,14 per kg", "product_url": "https://kolonial.no/produkter/21805-malaco-godt-blandet-vingummi/", "kolonial_id": "21805"},
  {"category": "Toalettpapir og t\u00f8rkerull", "category_list": ["Alle varer", "T\u00f8rkepapir og vaskemidler", "Toalettpapir og t\u00f8rkerull"], "title": "Toalettpapir Hvit Lambi", "price": 63.6, "product_variant": "12 stk, 12 stk", "quantity_info": [[12.0, "stk"], [12.0, "stk"]], "image_url": "/media/uploads/public/132/139/1009339-420c2-product_list.jpg", "unit_price_raw": "kr 5,30 per stk", "product_url": "https://kolonial.no/produkter/23319-lambi-toalettpapir-hvit-lambi-12-stk/", "kolonial_id": "23319"},
  {"category": "Yoghurt", "category_list": ["Alle varer", "Melk, meieriprodukter og egg", "Yoghurt"], "title": "Yoghurt Kokos", "price": 22.0, "product_variant": "4x150g, 600 g", "quantity_info": [[4.0, "x"], [150.0, "g"], [600.0, "g"]], "image_url": "/media/uploads/public/257/198/324998-331da-product_list.jpg", "unit_price_raw": "kr 36,67 per kg", "product_url": "https://kolonial.no/produkter/25629-tine-yoghurt-kokos-4x150g/", "kolonial_id": "25629"},
  {"category": "Yoghurt", "category_list": ["Alle varer", "Melk, meieriprodukter og egg", "Yoghurt"], "title": "Profit Jordb\u00e6r", "price": 32.0, "product_variant": "200 g", "quantity_info": [[200.0, "g"]], "image_url": "/media/uploads/public/59/220/445420-c5f4b-product_list.jpg", "unit_price_raw": "kr 160,00 per kg", "product_url": "https://kolonial.no/produkter/26182-profit-profit-jordbaer/", "kolonial_id": "26182"},
  {"category": "Hermetisert frukt og gr\u00f8nt", "category_list": ["Alle varer", "Frukt og gr\u00f8nt", "Hermetisert frukt og gr\u00f8nt"], "title": "Saltfri Mais", "price": 42.6, "product_variant": "3x160g, 480 g", "quantity_info": [[3.0, "x"], [160.0, "g"], [480.0, "g"]], "image_url": "/media/uploads/public/334/227/128227-75a47-product_list.jpg", "unit_price_raw": "kr 88,75 per kg", "product_url": "https://kolonial.no/produkter/23483-green-giant-saltfri-mais-3x160g/", "kolonial_id": "23483"},
  {"category": "Hermetisert frukt og gr\u00f8nt", "category_list": ["Alle varer", "Frukt og gr\u00f8nt", "Hermetisert frukt og gr\u00f8nt"], "title": "Sorte B\u00f8nner", "price": 18.8, "product_variant": "\u00d8kologisk, 290 g", "quantity_info": [[290.0, "g"]], "image_url": "/media/uploads/public/261/261/971061-5ea56-product_list.jpg", "unit_price_raw": "kr 64,83 per kg", "product_url": "https://kolonial.no/produkter/23658-rema-1000-sorte-bonner-okologisk/", "kolonial_id": "23658"},
  {"category": "Ferdige middagsretter", "category_list": ["Alle varer", "Middager og tilbeh\u00f8r", "Ferdige middagsretter"], "title": "Gulasj Med Potet og Persillerotmos", "price": 79.9, "product_variant": "480 g", "quantity_info": [[480.0, "g"]], "image_url": "/media/uploads/public/384/222/979422-da1f6-product_list.jpg", "unit_price_raw": "kr 166,46 per kg", "product_url": "https://kolonial.no/produkter/27921-mere-suppe-gulasj-med-potet-og-persillerotmos/", "kolonial_id": "27921"},
  {"category": "Ferdige middagsretter", "category_list": ["Alle varer", "Middager og tilbeh\u00f8r", "Ferdige middagsretter"], "title": "Lam Tagine Med Fullkornscouscous", "price": 79.9, "product_variant": "480 g", "quantity_info": [[480.0, "g"]], "image_url": "/media/uploads/public/373/223/979423-e07b3-product_list.jpg", "unit_price_raw": "kr 166,46 per kg", "product_url": "https://kolonial.no/produkter/27922-lam-tagine-med-fullkornscouscous/", "kolonial_id": "27922"},
  {"category": "Ferdigsauser", "category_list": ["Alle varer", "Middager og tilbeh\u00f8r", "Ferdigsauser"], "title": "R\u00f8d Curry Paste", "price": 27.8, "product_variant": "110 g", "quantity_info": [[110.0, "g"]], "image_url": "/media/uploads/public/376/213/964213-c59ea-product_list.jpg", "unit_price_raw": "kr 252,73 per kg", "product_url": "https://kolonial.no/produkter/14221-santa-maria-rod-curry-paste-110g/", "kolonial_id": "14221"},
  {"category": "Ferdigsauser", "category_list": ["Alle varer", "Middager og tilbeh\u00f8r", "Ferdigsauser"], "title": "Butter Chicken", "price": 48.9, "product_variant": "250 g", "quantity_info": [[250.0, "g"]], "image_url": "/media/uploads/public/386/152/616952-6ec7f-product_list.jpg", "unit_price_raw": "kr 195,60 per kg", "product_url": "https://kolonial.no/produkter/26524-masalamagic-butter-chicken/", "kolonial_id": "26524"},
  {"category": "Godteri", "category_list": ["Alle varer", "Snacks og godteri", "Godteri"], "title": "Sm\u00f8rbukk", "price": 39.9, "product_variant": "150 g", "quantity_info": [[150.0, "g"]], "image_url": "/media/uploads/public/78/269/973869-3cb3d-product_list.jpg", "unit_price_raw": "kr 266,00 per kg", "product_url": "https://kolonial.no/produkter/307-nidar-smorbukk/", "kolonial_id": "307"},
  {"category": "Godteri", "category_list": ["Alle varer", "Snacks og godteri", "Godteri"], "title": "Nidar Beste Biter", "price": 56.9, "product_variant": "280 g", "quantity_info": [[280.0, "g"]], "image_url": "/media/uploads/public/216/181/972581-22338-product_list.jpg", "unit_price_raw": "kr 203,21 per kg", "product_url": "https://kolonial.no/produkter/309-nidar-nidar-beste-biter-sot/", "kolonial_id": "309"},
  {"category": "Legemidler", "category_list": ["Alle varer", "Legemidler og helsekost", "Legemidler"], "title": "Pyrisept Oppl\u00f8sning", "price": 52.4, "product_variant": "1 mg/ml, 100 ml", "quantity_info": [[1.0, "mgml"], [100.0, "ml"]], "image_url": "/media/uploads/public/379/164/966964-661fd-product_list.jpg", "unit_price_raw": "kr 524,00 per l", "product_url": "https://kolonial.no/produkter/15531-pyrisept-opplosning-1-mgml/", "kolonial_id": "15531"},
  {"category": "Sjokolade", "category_list": ["Alle varer", "Snacks og godteri", "Sjokolade"], "title": "Melkesjokolade", "price": 39.9, "product_variant": "200 g", "quantity_info": [[200.0, "g"]], "image_url": "/media/uploads/public/195/143/964543-853fa-product_list.jpg", "unit_price_raw": "kr 199,50 per kg", "product_url": "https://kolonial.no/produkter/269-freia-melkesjokolade/", "kolonial_id": "269"},
  {"category": "M\u00e5ltidserstatter", "category_list": ["Alle varer", "Trening", "M\u00e5ltidserstatter"], "title": "Propud Proteinpudding Chocolate", "price": 27.7, "product_variant": "Laktosefri, 200 g", "quantity_info": [[200.0, "g"]], "image_url": "/media/uploads/public/211/190/324990-d88e6-product_list.jpg", "unit_price_raw": "kr 138,50 per kg", "product_url": "https://kolonial.no/produkter/25640-propud-propud-proteinpudding-chocolate-laktosefri/", "kolonial_id": "25640"},
  {"category": "Toalettpapir og t\u00f8rkerull", "category_list": ["Alle varer", "T\u00f8rkepapir og vaskemidler", "Toalettpapir og t\u00f8rkerull"], "title": "Toalettpapir", "price": 83.8, "product_variant": "18 stk", "quantity_info": [[18.0, "stk"]], "image_url": "/media/uploads/public/324/75/1013275-23d69-product_list.jpg", "unit_price_raw": "kr 4,66 per stk", "product_url": "https://kolonial.no/produkter/16284-soft-style-toalettpapir/", "kolonial_id": "16284"},
  {"category": "Yoghurt", "category_list": ["Alle varer", "Melk, meieriprodukter og egg", "Yoghurt"], "title": "Yoplait 00% Ekte Gresk Kokos", "price": 29.9, "product_variant": "400 g", "quantity_info": [[400.0, "g"]], "image_url": "/media/uploads/public/48/273/710273-aa323-product_list.jpg", "unit_price_raw": "kr 74,75 per kg", "product_url": "https://kolonial.no/produkter/27602-fjordland-yoplait-00-ekte-gresk-kokos/", "kolonial_id": "27602"},
  {"category": "Hermetisert frukt og gr\u00f8nt", "category_list": ["Alle varer", "Frukt og gr\u00f8nt", "Hermetisert frukt og gr\u00f8nt"], "title": "Mangopur\u00e9", "price": 47.9, "product_variant": "850 g", "quantity_info": [[850.0, "g"]], "image_url": "/media/uploads/public/90/144/140944-4bd28-product_list.jpg", "unit_price_raw": "kr 56,35 per kg", "product_url": "https://kolonial.no/produkter/24065-masalamagic-mangopure/", "kolonial_id": "24065"},
  {"category": "Julens godteri", "category_list": ["Alle varer", "Snacks og godteri", "Julens godteri"], "title": "Nidar Sjokoladekongler", "price": 49.9, "product_variant": "144 g", "quantity_info": [[144.0, "g"]], "image_url": "/media/uploads/public/382/345/640345-57a9a-product_list.jpg", "unit_price_raw": "kr 346,53 per kg", "product_url": "https://kolonial.no/produkter/26977-nidar-nidar-sjokoladekongler/", "kolonial_id": "26977"},
  {"category": "Ferdige middagsretter", "category_list": ["Alle varer", "Middager og tilbeh\u00f8r", "Ferdige middagsretter"], "title": "Indisk gr\u00f8nnsaksgryte", "price": 44.9, "product_variant": "Vegetar, 330 g", "quantity_info": [[330.0, "g"]], "image_url": "/media/uploads/public/129/275/710275-370d9-product_list.jpg", "unit_price_raw": "kr 136,06 per kg", "product_url": "https://kolonial.no/produkter/27604-fjordland-indisk-gronnsaksgryte/", "kolonial_id": "27604"},
  {"category": "Magasiner", "category_list": ["Alle varer", "Magasiner og b\u00f8ker", "Magasiner"], "title": "Se og H\u00f8r", "price": 59.9, "product_variant": "1 stk", "quantity_info": [[1.0, "stk"]], "image_url": "/media/uploads/public/190/217/973817-b5739-product_list.jpg", "unit_price_raw": "kr 59,90 per stk", "product_url": "https://kolonial.no/produkter/23005-se-og-hor/", "kolonial_id": "23005"},
  {"category": "Julens \u00f8l", "category_list": ["Alle varer", "\u00d8l, cider og rusbrus", "Julens \u00f8l"], "title": "Grevens Cider Julecider", "price": 269.0, "product_variant": "0,5 x 6stk, 3 l", "quantity_info": [[0.5, "x"], [6.0, "stk"], [3.0, "l"]], "image_url": "/media/uploads/public/203/302/973902-df692-product_list.jpg", "unit_price_raw": "kr 89,67 per l", "product_url": "https://kolonial.no/produkter/26620-grevens-grevens-cider-julecider-05-x-6stk/", "kolonial_id": "26620"},
  {"category": "Kosttilskudd", "category_list": ["Alle varer", "Trening", "Kosttilskudd"], "title": "Rapid Burn Kosttilskudd", "price": 350.0, "product_variant": "120 stk", "quantity_info": [[120.0, "stk"]], "image_url": "/media/uploads/public/8/270/973070-97dca-product_list.jpg", "unit_price_raw": "kr 4268,29 per kg", "product_url": "https://kolonial.no/produkter/27078-proteinfabrikken-rapid-burn/", "kolonial_id": "27078"},
  {"category": "S\u00e5pe", "category_list": ["Alle varer", "Shampo, s\u00e5pe og krem", "S\u00e5pe"], "title": "Neutral Hand Wash", "price": 19.2, "product_variant": "Pumpe, 250 ml", "quantity_info": [[250.0, "ml"]], "image_url": "/media/uploads/public/138/102/970902-ceeed-product_list.jpg", "unit_price_raw": "kr 76,80 per l", "product_url": "https://kolonial.no/produkter/1435-neutral-neutral-hand-wash-pumpe-300ml/", "kolonial_id": "1435"},
  {"category": "Boller og lefser", "category_list": ["Alle varer", "Kaker, kjeks og desserter", "Boller og lefser"], "title": "Gifflar Kanel", "price": 27.3, "product_variant": "280 g", "quantity_info": [[280.0, "g"]], "image_url": "/media/uploads/public/335/58/987658-9b0c3-product_list.jpg", "unit_price_raw": "kr 97,50 per kg", "product_url": "https://kolonial.no/produkter/11470-pagen-gifflar-kanel-280g/", "kolonial_id": "11470"},
  {"category": "Sm\u00e5kaker", "category_list": ["Alle varer", "Kaker, kjeks og desserter", "Sm\u00e5kaker"], "title": "Kransekakestenger", "price": 41.2, "product_variant": "140 g", "quantity_info": [[140.0, "g"]], "image_url": "/media/uploads/public/189/201/969001-5b16a-product_list.jpg", "unit_price_raw": "kr 294,29 per kg", "product_url": "https://kolonial.no/produkter/17275-bjorken-kransekakestenger/", "kolonial_id": "17275"},
  {"category": "Kjeks", "category_list": ["Alle varer", "Kaker, kjeks og desserter", "Kjeks"], "title": "Oreo Kjeksrull", "price": 23.7, "product_variant": "154 g", "quantity_info": [[154.0, "g"]], "image_url": "/media/uploads/public/223/4/974004-15627-product_list.jpg", "unit_price_raw": "kr 153,90 per kg", "product_url": "https://kolonial.no/produkter/7183-oreo-oreo-kjeksrull/", "kolonial_id": "7183"},
  {"category": "Potetchips og snacks", "category_list": ["Alle varer", "Snacks og godteri", "Potetchips og snacks"], "title": "Tortillachips", "price": 34.9, "product_variant": "Ost, 185 g", "quantity_info": [[185.0, "g"]], "image_url": "/media/uploads/public/123/18/978418-a7958-product_list.jpg", "unit_price_raw": "kr 188,65 per kg", "product_url": "https://kolonial.no/produkter/258-maarud-tortillachips-ost-150g/", "kolonial_id": "258"},
  {"category": "Proteinpulver og styrke", "category_list": ["Alle varer", "Trening", "Proteinpulver og styrke"], "title": "100% Whey Protein Sjokolade", "price": 200.0, "product_variant": "1 kg", "quantity_info": [[1.0, "kg"]], "image_url": "/media/uploads/public/175/269/973069-4cff3-product_list.jpg", "unit_price_raw": "kr 200,00 per kg", "product_url": "https://kolonial.no/produkter/27029-proteinfabrikken-100-whey-protein-1000g-sjokolade/", "kolonial_id": "27029"},
  {"category": "Ferdigsauser", "category_list": ["Alle varer", "Middager og tilbeh\u00f8r", "Ferdigsauser"], "title": "Nirus Tikka Masala", "price": 49.9, "product_variant": "200 g", "quantity_info": [[200.0, "g"]], "image_url": "/media/uploads/public/311/349/973149-866a6-product_list.jpg", "unit_price_raw": "kr 249,50 per kg", "product_url": "https://kolonial.no/produkter/24066-masalamagic-nirus-tikka-masala/", "kolonial_id": "24066"},
  {"category": "Cider og rusbrus", "category_list": ["Alle varer", "\u00d8l, cider og rusbrus", "Cider og rusbrus"], "title": "Orchard Thieves Apple Cider", "price": 131.5, "product_variant": "4 x 0,33l, 1,32 l", "quantity_info": [[4.0, "x"], [0.33, "l"], [1.32, "l"]], "image_url": "/media/uploads/public/62/16/704016-52158-product_list.jpg", "unit_price_raw": "kr 99,62 per l", "product_url": "https://kolonial.no/produkter/27499-orchard-thieves-apple-cider-4-x-033l/", "kolonial_id": "27499"},
  {"category": "Godteri", "category_list": ["Alle varer", "Snacks og godteri", "Godteri"], "title": "Nidar Sm\u00e5godt S\u00f8teste Biter", "price": 55.7, "product_variant": "220 g", "quantity_info": [[220.0, "g"]], "image_url": "/media/uploads/public/93/223/973823-6dcb5-product_list.jpg", "unit_price_raw": "kr 253,18 per kg", "product_url": "https://kolonial.no/produkter/27762-nidar-nidar-smagodt-soteste-biter/", "kolonial_id": "27762"},
  {"category": "Godteri", "category_list": ["Alle varer", "Snacks og godteri", "Godteri"], "title": "Tyrkisk Pepper", "price": 35.1, "product_variant": "Original, 120 g", "quantity_info": [[120.0, "g"]], "image_url": "/media/uploads/public/0/143/543-860ed-product_list.jpg", "unit_price_raw": "kr 292,50 per kg", "product_url": "https://kolonial.no/produkter/253-fazer-tyrkisk-pepper-original-120g/", "kolonial_id": "253"},
  {"category": "Sportsdrikke", "category_list": ["Alle varer", "Trening", "Sportsdrikke"], "title": "Proteinshake Strawberry", "price": 50.0, "product_variant": "500 ml", "quantity_info": [[500.0, "ml"]], "image_url": "/media/uploads/public/60/282/973082-60f60-product_list.jpg", "unit_price_raw": "kr 100,00 per l", "product_url": "https://kolonial.no/produkter/27032-proteinfabrikken-proteinshake-strawberry/", "kolonial_id": "27032"},
  {"category": "Sportsdrikke", "category_list": ["Alle varer", "Trening", "Sportsdrikke"], "title": "Proteinshake Chocolate", "price": 50.0, "product_variant": "500 ml", "quantity_info": [[500.0, "ml"]], "image_url": "/media/uploads/public/346/280/973080-bcb54-product_list.jpg", "unit_price_raw": "kr 100,00 per l", "product_url": "https://kolonial.no/produkter/27031-proteinfabrikken-proteinshake-chocolate/", "kolonial_id": "27031"},
  {"category": "Legemidler", "category_list": ["Alle varer", "Legemidler og helsekost", "Legemidler"], "title": "Otrivin Voksen", "price": 52.4, "product_variant": "1mg, 10 ml", "quantity_info": [[1.0, "mg"], [10.0, "ml"]], "image_url": "/media/uploads/public/0/396/95596-83be6-product_list.jpg", "unit_price_raw": "kr 5240,00 per l", "product_url": "https://kolonial.no/produkter/21958-otrivin-otrivin-voksen-1mg/", "kolonial_id": "21958"},
  {"category": "Legemidler", "category_list": ["Alle varer", "Legemidler og helsekost", "Legemidler"], "title": "Paracet Tablett", "price": 27.3, "product_variant": "500mg, 20 stk", "quantity_info": [[500.0, "mg"], [20.0, "stk"]], "image_url": "/media/uploads/public/276/155/966955-42fcc-product_list.jpg", "unit_price_raw": "kr 1,37 per stk", "product_url": "https://kolonial.no/produkter/608-weifa-paracet-tablett-500mg/", "kolonial_id": "608"},
  {"category": "Sjokolade", "category_list": ["Alle varer", "Snacks og godteri", "Sjokolade"], "title": "Kvikk Lunsj Melkesjokolade", "price": 46.3, "product_variant": "200 g", "quantity_info": [[200.0, "g"]], "image_url": "/media/uploads/public/285/246/964646-51343-product_list.jpg", "unit_price_raw": "kr 231,50 per kg", "product_url": "https://kolonial.no/produkter/286-freia-kvikk-lunsj-melkesjokolade/", "kolonial_id": "286"},
  {"category": "M\u00e5ltidserstatter", "category_list": ["Alle varer", "Trening", "M\u00e5ltidserstatter"], "title": "Propud Proteinpudding Caramel", "price": 27.7, "product_variant": "200 g", "quantity_info": [[200.0, "g"]], "image_url": "/media/uploads/public/124/302/971102-63134-product_list.jpg", "unit_price_raw": "kr 138,50 per kg", "product_url": "https://kolonial.no/produkter/26579-propud-propud-proteinpudding-caramel/", "kolonial_id": "26579"},
  {"category": "Toalettpapir og t\u00f8rkerull", "category_list": ["Alle varer", "T\u00f8rkepapir og vaskemidler", "Toalettpapir og t\u00f8rkerull"], "title": "Toalettpapir 3 Lag", "price": 40.0, "product_variant": "6 stk", "quantity_info": [[6.0, "stk"]], "image_url": "/media/uploads/public/204/382/1015582-b25e3-product_list.jpg", "unit_price_raw": "kr 6,67 per stk", "product_url": "https://kolonial.no/produkter/8574-soft-style-toalettpapir-3-lag-6pk/", "kolonial_id": "8574"},
  {"category": "Toalettpapir og t\u00f8rkerull", "category_list": ["Alle varer", "T\u00f8rkepapir og vaskemidler", "Toalettpapir og t\u00f8rkerull"], "title": "Maximeter Toalettpapir", "price": 32.8, "product_variant": "4 ruller, 4 stk", "quantity_info": [[4.0, "ruller"], [4.0, "stk"]], "image_url": "/media/uploads/public/123/285/973485-7a190-product_list.jpg", "unit_price_raw": "kr 8,20 per stk", "product_url": "https://kolonial.no/produkter/356-serla-maximeter-toalettpapir-4-ruller/", "kolonial_id": "356"},
  {"category": "Gr\u00f8nnsaker", "category_list": ["Alle varer", "Frukt og gr\u00f8nt", "Gr\u00f8nnsaker"], "title": "Reddik", "price": 20.9, "product_variant": "Holland, 130 g", "quantity_info": [[130.0, "g"]], "image_url": "/media/uploads/public/0/173/3373-f9877-product_list.jpg", "unit_price_raw": "kr 160,77 per kg", "product_url": "https://kolonial.no/produkter/9374-reddik-holland/", "kolonial_id": "9374"},
  {"category": "Julens godteri", "category_list": ["Alle varer", "Snacks og godteri", "Julens godteri"], "title": "Labans Nissefest", "price": 53.9, "product_variant": "350 g", "quantity_info": [[350.0, "g"]], "image_url": "/media/uploads/public/364/74/968874-1514e-product_list.jpg", "unit_price_raw": "kr 154,00 per kg", "product_url": "https://kolonial.no/produkter/16639-nidar-labans-nissefest/", "kolonial_id": "16639"},
  {"category": "Ferdige middagsretter", "category_list": ["Alle varer", "Middager og tilbeh\u00f8r", "Ferdige middagsretter"], "title": "Fjordland Risgr\u00f8t", "price": 149.0, "product_variant": "4 kg, 1 stk", "quantity_info": [[4.0, "kg"], [1.0, "stk"]], "image_url": "/media/uploads/public/0/181/51781-60df9-product_list.jpg", "unit_price_raw": "kr 149,00 per stk", "product_url": "https://kolonial.no/produkter/17419-fjordland-fjordland-risgrot-4-kg/", "kolonial_id": "17419"},
  {"category": "Ferdige middagsretter", "category_list": ["Alle varer", "Middager og tilbeh\u00f8r", "Ferdige middagsretter"], "title": "Kj\u00f8ttkaker med Gulr\u00f8tter og Poteter", "price": 49.9, "product_variant": "Liten Porsjon, 355 g", "quantity_info": [[355.0, "g"]], "image_url": "/media/uploads/public/60/6/974006-7ddbd-product_list.jpg", "unit_price_raw": "kr 140,56 per kg", "product_url": "https://kolonial.no/produkter/27630-fjordland-kjottkaker-med-gulrotter-og-poteter-lite/", "kolonial_id": "27630"},
  {"category": "Magasiner", "category_list": ["Alle varer", "Magasiner og b\u00f8ker", "Magasiner"], "title": "Se og H\u00f8r Extra", "price": 49.9, "product_variant": "1 stk", "quantity_info": [[1.0, "stk"]], "image_url": "/media/uploads/public/166/260/973860-8d21d-product_list.jpg", "unit_price_raw": "kr 49,90 per stk", "product_url": "https://kolonial.no/produkter/23002-se-og-hor-extra/", "kolonial_id": "23002"},
  {"category": "Magasiner", "category_list": ["Alle varer", "Magasiner og b\u00f8ker", "Magasiner"], "title": "Hjemmet", "price": 53.0, "product_variant": "1 stk", "quantity_info": [[1.0, "stk"]], "image_url": "/media/uploads/public/30/170/504970-c9adc-product_list.jpg", "unit_price_raw": "kr 53,00 per stk", "product_url": "https://kolonial.no/produkter/23056-hjemmet/", "kolonial_id": "23056"},
  {"category": "Porsjonsis", "category_list": ["Alle varer", "Is og desserter", "Porsjonsis"], "title": "Sandwich Original", "price": 74.5, "product_variant": "6pk, 0,72 l", "quantity_info": [[6.0, "pk"], [0.72, "l"]], "image_url": "/media/uploads/public/0/69/5269-14e81-product_list.jpg", "unit_price_raw": "kr 103,47 per l", "product_url": "https://kolonial.no/produkter/3181-diplom-sandwich-original-6pk/", "kolonial_id": "3181"},
  {"category": "Alkoholfritt", "category_list": ["Alle varer", "\u00d8l, cider og rusbrus", "Alkoholfritt"], "title": "Carlsberg Non Alcohol", "price": 23.5, "product_variant": "0,33 l", "quantity_info": [[0.33, "l"]], "image_url": "/media/uploads/public/0/158/6958-e61ec-product_list.jpg", "unit_price_raw": "kr 71,21 per l", "product_url": "https://kolonial.no/produkter/7981-carlsberg-carlsberg-non-alcohol-033/", "kolonial_id": "7981"},
  {"category": "Is i boks", "category_list": ["Alle varer", "Is og desserter", "Is i boks"], "title": "WANTED Salty Caramel", "price": 79.9, "product_variant": "0,5 l", "quantity_info": [[0.5, "l"]], "image_url": "/media/uploads/public/291/332/973532-f3ddd-product_list.jpg", "unit_price_raw": "kr 159,80 per l", "product_url": "https://kolonial.no/produkter/27426-wanted-wanted-salty-caramel/", "kolonial_id": "27426"},
  {"category": "Kosttilskudd", "category_list": ["Alle varer", "Trening", "Kosttilskudd"], "title": "Eggehvite", "price": 80.0, "product_variant": "1000 ml", "quantity_info": [[1000.0, "ml"]], "image_url": "/media/uploads/public/286/356/973156-65a43-product_list.jpg", "unit_price_raw": "kr 80,00 per kg", "product_url": "https://kolonial.no/produkter/27073-proteinfabrikken-eggehvite/", "kolonial_id": "27073"},
  {"category": "Kosttilskudd", "category_list": ["Alle varer", "Trening", "Kosttilskudd"], "title": "Kosttilskudd BCAA Lemon Lime", "price": 299.0, "product_variant": "400 g", "quantity_info": [[400.0, "g"]], "image_url": "/media/uploads/public/146/308/973108-c36f5-product_list.jpg", "unit_price_raw": "kr 7,48 per porsj", "product_url": "https://kolonial.no/produkter/27086-proteinfabrikken-kosttilskudd-bcaa-lemon-lime/", "kolonial_id": "27086"},
  {"category": "S\u00e5pe", "category_list": ["Alle varer", "Shampo, s\u00e5pe og krem", "S\u00e5pe"], "title": "Asan Intims\u00e5pe", "price": 69.9, "product_variant": "500 ml", "quantity_info": [[500.0, "ml"]], "image_url": "/media/uploads/public/318/198/972198-be7dd-product_list.jpg", "unit_price_raw": "kr 139,80 per l", "product_url": "https://kolonial.no/produkter/7663-asan-asan-intimsape-500ml/", "kolonial_id": "7663"},
  {"category": "S\u00e5pe", "category_list": ["Alle varer", "Shampo, s\u00e5pe og krem", "S\u00e5pe"], "title": "Sensitiv Intimvask", "price": 50.7, "product_variant": "200 ml", "quantity_info": [[200.0, "ml"]], "image_url": "/media/uploads/public/341/354/996354-aef4f-product_list.jpg", "unit_price_raw": "kr 253,50 per l", "product_url": "https://kolonial.no/produkter/878-dr-greve-sensitiv-intimvask-200ml/", "kolonial_id": "878"},
  {"category": "Spesial\u00f8l og import", "category_list": ["Alle varer", "\u00d8l, cider og rusbrus", "Spesial\u00f8l og import"], "title": "Frydenlund Hvete\u00f8l", "price": 229.9, "product_variant": "6 x 0,5l, 3 l", "quantity_info": [[6.0, "x"], [0.5, "l"], [3.0, "l"]], "image_url": "/media/uploads/public/3/97/723697-e661a-product_list.jpg", "unit_price_raw": "kr 76,63 per l", "product_url": "https://kolonial.no/produkter/27747-frydenlund-frydenlund-hveteol-6-x-05l/", "kolonial_id": "27747"},
  {"category": "Boller og lefser", "category_list": ["Alle varer", "Kaker, kjeks og desserter", "Boller og lefser"], "title": "Gifflar Eple & Kanel", "price": 33.0, "product_variant": "260 g", "quantity_info": [[260.0, "g"]], "image_url": "/media/uploads/public/146/3/974003-e7489-product_list.jpg", "unit_price_raw": "kr 126,92 per kg", "product_url": "https://kolonial.no/produkter/11473-pagen-gifflar-eple-kanel/", "kolonial_id": "11473"},
  {"category": "Boller og lefser", "category_list": ["Alle varer", "Kaker, kjeks og desserter", "Boller og lefser"], "title": "Lefsegodt", "price": 30.9, "product_variant": "2 stk, 220 g", "quantity_info": [[2.0, "stk"], [220.0, "g"]], "image_url": "/media/uploads/public/274/173/968573-3b09d-product_list.jpg", "unit_price_raw": "kr 140,45 per kg", "product_url": "https://kolonial.no/produkter/15894-berthas-lefsegodt-2-stk/", "kolonial_id": "15894"},
  {"category": "Sm\u00e5kaker", "category_list": ["Alle varer", "Kaker, kjeks og desserter", "Sm\u00e5kaker"], "title": "Brownie Bite Size", "price": 24.6, "product_variant": "8 biter, 144 g", "quantity_info": [[8.0, "biter"], [144.0, "g"]], "image_url": "/media/uploads/public/7/62/987662-55078-product_list.jpg", "unit_price_raw": "kr 170,83 per kg", "product_url": "https://kolonial.no/produkter/21763-brownie-bite-size/", "kolonial_id": "21763"},
  {"category": "Sm\u00e5kaker", "category_list": ["Alle varer", "Kaker, kjeks og desserter", "Sm\u00e5kaker"], "title": "Sjokoladekake", "price": 39.5, "product_variant": "350 g", "quantity_info": [[350.0, "g"]], "image_url": "/media/uploads/public/314/162/968562-7b259-product_list.jpg", "unit_price_raw": "kr 112,86 per kg", "product_url": "https://kolonial.no/produkter/15951-baxt-sjokoladekake/", "kolonial_id": "15951"},
  {"category": "Kjeks", "category_list": ["Alle varer", "Kaker, kjeks og desserter", "Kjeks"], "title": "Cafe Bakeriet Skogsb\u00e6rdr\u00f8m", "price": 42.9, "product_variant": "200 g", "quantity_info": [[200.0, "g"]], "image_url": "/media/uploads/public/161/22/973222-fc11c-product_list.jpg", "unit_price_raw": "kr 214,50 per kg", "product_url": "https://kolonial.no/produkter/7279-saetre-cafe-bakeriet-skogsbaerdrom/", "kolonial_id": "7279"},
  {"category": "Kjeks", "category_list": ["Alle varer", "Kaker, kjeks og desserter", "Kjeks"], "title": "Ritz Crackers", "price": 23.5, "product_variant": "200 g", "quantity_info": [[200.0, "g"]], "image_url": "/media/uploads/public/78/166/964566-1bc71-product_list.jpg", "unit_price_raw": "kr 117,50 per kg", "product_url": "https://kolonial.no/produkter/1960-ritz-crackers-200g/", "kolonial_id": "1960"},
  {"category": "\u00d8l", "category_list": ["Alle varer", "\u00d8l, cider og rusbrus", "\u00d8l"], "title": "Heineken Boks", "price": 184.8, "product_variant": "0,5l x 6 stk, 3 l", "quantity_info": [[0.5, "lx"], [6.0, "stk"], [3.0, "l"]], "image_url": "/media/uploads/public/296/358/973958-d8cc6-product_list.jpg", "unit_price_raw": "kr 61,60 per l", "product_url": "https://kolonial.no/produkter/22102-heineken-boks-05l-x-6-stk/", "kolonial_id": "22102"},
  {"category": "Potetchips og snacks", "category_list": ["Alle varer", "Snacks og godteri", "Potetchips og snacks"], "title": "Cheez Doodles", "price": 35.5, "product_variant": "Original, 235 g", "quantity_info": [[235.0, "g"]], "image_url": "/media/uploads/public/375/199/973399-b379c-product_list.jpg", "unit_price_raw": "kr 151,06 per kg", "product_url": "https://kolonial.no/produkter/303-olw-cheez-doodles-original-235g/", "kolonial_id": "303"},
  {"category": "Potetchips og snacks", "category_list": ["Alle varer", "Snacks og godteri", "Potetchips og snacks"], "title": "Cheez Doodles", "price": 15.3, "product_variant": "120 g", "quantity_info": [[120.0, "g"]], "image_url": "/media/uploads/public/185/283/964683-f25cf-product_list.jpg", "unit_price_raw": "kr 127,50 per kg", "product_url": "https://kolonial.no/produkter/8784-olw-cheez-doodles-120g/", "kolonial_id": "8784"},
  {"category": "Proteinpulver og styrke", "category_list": ["Alle varer", "Trening", "Proteinpulver og styrke"], "title": "100% Whey Protein Jordb\u00e6r", "price": 200.0, "product_variant": "1 kg", "quantity_info": [[1.0, "kg"]], "image_url": "/media/uploads/public/263/344/973144-6d2a4-product_list.jpg", "unit_price_raw": "kr 200,00 per kg", "product_url": "https://kolonial.no/produkter/27028-proteinfabrikken-100-whey-protein-jordbaer/", "kolonial_id": "27028"},
  {"category": "Blandevann", "category_list": ["Alle varer", "\u00d8l, cider og rusbrus", "Blandevann"], "title": "Tonic Zero", "price": 35.9, "product_variant": "1 l", "quantity_info": [[1.0, "l"]], "image_url": "/media/uploads/public/205/75/296075-49246-product_list.jpg", "unit_price_raw": "kr 35,90 per l", "product_url": "https://kolonial.no/produkter/25361-schweppes-tonic-zero/", "kolonial_id": "25361"},
  {"category": "Syltet\u00f8y", "category_list": ["Alle varer", "P\u00e5legg", "Syltet\u00f8y"], "title": "Bringeb\u00e6rsyltet\u00f8y Gourmet", "price": 37.0, "product_variant": "200 g", "quantity_info": [[200.0, "g"]], "image_url": "/media/uploads/public/71/26/513626-4dac3-product_list.jpg", "unit_price_raw": "kr 185,00 per kg", "product_url": "https://kolonial.no/produkter/25678-loiten-bringebaersyltetoy-gourmet/", "kolonial_id": "25678"},
  {"category": "Ferdigsauser", "category_list": ["Alle varer", "Middager og tilbeh\u00f8r", "Ferdigsauser"], "title": "Nirus Korma", "price": 44.0, "product_variant": "200 g", "quantity_info": [[200.0, "g"]], "image_url": "/media/uploads/public/300/222/971822-44b0b-product_list.jpg", "unit_price_raw": "kr 220,00 per kg", "product_url": "https://kolonial.no/produkter/24067-masalamagic-nirus-korma/", "kolonial_id": "24067"},
  {"category": "Ferdigsauser", "category_list": ["Alle varer", "Middager og tilbeh\u00f8r", "Ferdigsauser"], "title": "Koriander Paste", "price": 35.9, "product_variant": "200 g", "quantity_info": [[200.0, "g"]], "image_url": "/media/uploads/public/204/218/971818-3edf2-product_list.jpg", "unit_price_raw": "kr 179,50 per kg", "product_url": "https://kolonial.no/produkter/24063-masalamagic-koriander-paste/", "kolonial_id": "24063"},
  {"category": "Brus", "category_list": ["Alle varer", "Drikkevarer", "Brus"], "title": "Tonic", "price": 28.9, "product_variant": "0,5 l", "quantity_info": [[0.5, "l"]], "image_url": "/media/uploads/public/161/229/630629-9c344-product_list.jpg", "unit_price_raw": "kr 57,80 per l", "product_url": "https://kolonial.no/produkter/10088-schweppes-tonic-05l/", "kolonial_id": "10088"},
  {"category": "Cider og rusbrus", "category_list": ["Alle varer", "\u00d8l, cider og rusbrus", "Cider og rusbrus"], "title": "Cider med Smak av Jordb\u00e6r & Pepper", "price": 233.4, "product_variant": "6 x 0,5l, 3 l", "quantity_info": [[6.0, "x"], [0.5, "l"], [3.0, "l"]], "image_url": "/media/uploads/public/45/15/704015-777c9-product_list.jpg", "unit_price_raw": "kr 77,80 per l", "product_url": "https://kolonial.no/produkter/27498-grevens-cider-med-smak-av-jordbaer-pepper-6-x-05l/", "kolonial_id": "27498"},
  {"category": "Cider og rusbrus", "category_list": ["Alle varer", "\u00d8l, cider og rusbrus", "Cider og rusbrus"], "title": "Gravity Ginger Beer", "price": 140.9, "product_variant": "4x0,33l, 1,32 l", "quantity_info": [[4.0, "x"], [0.33, "l"], [1.32, "l"]], "image_url": "/media/uploads/public/60/26/973226-98cbf-product_list.jpg", "unit_price_raw": "kr 106,74 per l", "product_url": "https://kolonial.no/produkter/27215-grevens-gravity-ginger-beer-4x033l/", "kolonial_id": "27215"},
  {"category": "Pepperkaker og julekaker", "category_list": ["Alle varer", "Kaker, kjeks og desserter", "Pepperkaker og julekaker"], "title": "Pepperkakehus Stort", "product_variant": "550 g", "discounted_price": 37.52, "undiscounted_price": 46.9, "quantity_info": [[550.0, "g"]], "discount_raw": "-20%", "image_url": "/media/uploads/public/277/248/971048-e6062-product_list.jpg", "unit_price_raw": "kr 68,22 per kg", "product_url": "https://kolonial.no/produkter/23722-berthas-pepperkakehus-stort/", "kolonial_id": "23722", "price": 37.52},
  {"category": "Godteri", "category_list": ["Alle varer", "Snacks og godteri", "Godteri"], "title": "Marshmallows", "price": 34.4, "product_variant": "250 g", "quantity_info": [[250.0, "g"]], "image_url": "/media/uploads/public/344/164/684164-a7d8f-product_list.jpg", "unit_price_raw": "kr 137,60 per kg", "product_url": "https://kolonial.no/produkter/311-sweetfire-marshmallows/", "kolonial_id": "311"},
  {"category": "Godteri", "category_list": ["Alle varer", "Snacks og godteri", "Godteri"], "title": "Sur Tutti Frutti", "price": 37.8, "product_variant": "100 g", "quantity_info": [[100.0, "g"]], "image_url": "/media/uploads/public/93/338/973938-b6a77-product_list.jpg", "unit_price_raw": "kr 378,00 per kg", "product_url": "https://kolonial.no/produkter/27761-lakrisgutta-sur-tutti-frutti/", "kolonial_id": "27761"},
  {"category": "Mel og sukker", "category_list": ["Alle varer", "Mel og bakeingredienser", "Mel og sukker"], "title": "Hvetemel Siktet", "price": 21.4, "product_variant": "Boks, 1 kg", "quantity_info": [[1.0, "kg"]], "image_url": "/media/uploads/public/120/224/967424-66af2-product_list.jpg", "unit_price_raw": "kr 21,40 per kg", "product_url": "https://kolonial.no/produkter/12895-mollerens-hvetemel-siktet-boks-1kg/", "kolonial_id": "12895"},
  {"category": "Sportsdrikke", "category_list": ["Alle varer", "Trening", "Sportsdrikke"], "title": "Proteinshake Vanilla", "price": 50.0, "product_variant": "500 ml", "quantity_info": [[500.0, "ml"]], "image_url": "/media/uploads/public/254/381/644781-a34f6-product_list.jpg", "unit_price_raw": "kr 100,00 per l", "product_url": "https://kolonial.no/produkter/27033-proteinfabrikken-proteinshake-vanilla/", "kolonial_id": "27033"},
  {"category": "Legemidler", "category_list": ["Alle varer", "Legemidler og helsekost", "Legemidler"], "title": "Ibux Ibuprofen tabletter", "price": 44.2, "product_variant": "200mg, 20 stk", "quantity_info": [[200.0, "mg"], [20.0, "stk"]], "image_url": "/media/uploads/public/285/161/966961-53b79-product_list.jpg", "unit_price_raw": "kr 2,21 per stk", "product_url": "https://kolonial.no/produkter/615-ibux-tablett-200mg/", "kolonial_id": "615"},
  {"category": "Legemidler", "category_list": ["Alle varer", "Legemidler og helsekost", "Legemidler"], "title": "Ibux Kapsler 200mg", "price": 50.9, "product_variant": "20 stk", "quantity_info": [[20.0, "stk"]], "image_url": "/media/uploads/public/64/278/971078-dfa48-product_list.jpg", "unit_price_raw": "kr 2,55 per stk", "product_url": "https://kolonial.no/produkter/23742-weifa-ibux-kapsler-200mg/", "kolonial_id": "23742"},
  {"category": "Sjokolade", "category_list": ["Alle varer", "Snacks og godteri", "Sjokolade"], "title": "Stratos", "price": 41.7, "product_variant": "150 g", "quantity_info": [[150.0, "g"]], "image_url": "/media/uploads/public/177/398/977998-ad936-product_list.jpg", "unit_price_raw": "kr 278,00 per kg", "product_url": "https://kolonial.no/produkter/281-nidar-stratos/", "kolonial_id": "281"},
  {"category": "M\u00e5ltidserstatter", "category_list": ["Alle varer", "Trening", "M\u00e5ltidserstatter"], "title": "Kreatin", "price": 150.0, "product_variant": "500 g", "quantity_info": [[500.0, "g"]], "image_url": "/media/uploads/public/144/174/973774-39cae-product_list.jpg", "unit_price_raw": "kr 300,00 per kg", "product_url": "https://kolonial.no/produkter/27060-proteinfabrikken-kreatin/", "kolonial_id": "27060"},
  {"category": "M\u00e5ltidserstatter", "category_list": ["Alle varer", "Trening", "M\u00e5ltidserstatter"], "title": "Oxygen Proteinbar Chocolate", "price": 25.0, "product_variant": "1 stk", "quantity_info": [[1.0, "stk"]], "image_url": "/media/uploads/public/243/232/973032-d2ef9-product_list.jpg", "unit_price_raw": "kr 25,00 per stk", "product_url": "https://kolonial.no/produkter/27072-proteinfabrikken-oxygen-proteinbar-chocolate/", "kolonial_id": "27072"},
  {"category": "Toalettpapir og t\u00f8rkerull", "category_list": ["Alle varer", "T\u00f8rkepapir og vaskemidler", "Toalettpapir og t\u00f8rkerull"], "title": "Toalettpapir Lambi", "price": 32.0, "product_variant": "6 stk", "quantity_info": [[6.0, "stk"]], "image_url": "/media/uploads/public/61/76/1013276-4cd66-product_list.jpg", "unit_price_raw": "kr 5,33 per stk", "product_url": "https://kolonial.no/produkter/2971-lambi-toalettpapir-lambi/", "kolonial_id": "2971"},
  {"category": "Toalettpapir og t\u00f8rkerull", "category_list": ["Alle varer", "T\u00f8rkepapir og vaskemidler", "Toalettpapir og t\u00f8rkerull"], "title": "Kj\u00f8kkenrull", "price": 33.8, "product_variant": "4 stk", "quantity_info": [[4.0, "stk"]], "image_url": "/media/uploads/public/79/144/1009344-72df3-product_list.jpg", "unit_price_raw": "kr 8,45 per stk", "product_url": "https://kolonial.no/produkter/16281-soft-style-kjokkenrull/", "kolonial_id": "16281"},
  {"category": "Yoghurt", "category_list": ["Alle varer", "Melk, meieriprodukter og egg", "Yoghurt"], "title": "Kvarg Bl\u00e5b\u00e6r", "price": 19.9, "product_variant": "150 g", "quantity_info": [[150.0, "g"]], "image_url": "/media/uploads/public/36/104/1018504-c798f-product_list.jpg", "unit_price_raw": "kr 132,67 per kg", "product_url": "https://kolonial.no/produkter/28137-rema-1000-kvarg-blabaer-150g-015-kg/", "kolonial_id": "28137"},
  {"category": "Yoghurt", "category_list": ["Alle varer", "Melk, meieriprodukter og egg", "Yoghurt"], "title": "Rislunsj med Bringeb\u00e6r & Bl\u00e5b\u00e6r", "price": 11.8, "product_variant": "Piano, 150 g", "quantity_info": [[150.0, "g"]], "image_url": "/media/uploads/public/330/384/971984-4ff14-product_list.jpg", "unit_price_raw": "kr 78,67 per kg", "product_url": "https://kolonial.no/produkter/24674-tine-rislunsj-med-bringebaer-blabaer-piano/", "kolonial_id": "24674"},
  {"category": "Gr\u00f8nnsaker", "category_list": ["Alle varer", "Frukt og gr\u00f8nt", "Gr\u00f8nnsaker"], "title": "Maiskolber", "price": 21.5, "product_variant": "Vakuumpakket, 2 stk", "quantity_info": [[2.0, "stk"]], "image_url": "/media/uploads/public/0/86/12086-fd22c-product_list.jpg", "unit_price_raw": "kr 35,83 per kg", "product_url": "https://kolonial.no/produkter/9275-maiskolber-vakuumpakket/", "kolonial_id": "9275"},
  {"category": "Gr\u00f8nnsaker", "category_list": ["Alle varer", "Frukt og gr\u00f8nt", "Gr\u00f8nnsaker"], "title": "Minimais", "price": 18.9, "product_variant": "Ferske, Kenya, 125 g", "quantity_info": [[125.0, "g"]], "image_url": "/media/uploads/public/0/206/104206-55e3e-product_list.jpg", "unit_price_raw": "kr 151,20 per kg", "product_url": "https://kolonial.no/produkter/22471-minimais-ferske/", "kolonial_id": "22471"},
  {"category": "Julens godteri", "category_list": ["Alle varer", "Snacks og godteri", "Julens godteri"], "title": "Laban", "price": 29.4, "product_variant": "Seigmenn, 300 g", "quantity_info": [[300.0, "g"]], "image_url": "/media/uploads/public/384/149/965749-64d0d-product_list.jpg", "unit_price_raw": "kr 98,00 per kg", "product_url": "https://kolonial.no/produkter/312-nidar-laban-seigmenn/", "kolonial_id": "312"},
  {"category": "Julens godteri", "category_list": ["Alle varer", "Snacks og godteri", "Julens godteri"], "title": "Mokkab\u00f8nner", "price": 47.9, "product_variant": "110 g", "quantity_info": [[110.0, "g"]], "image_url": "/media/uploads/public/182/56/969656-68d27-product_list.jpg", "unit_price_raw": "kr 435,45 per kg", "product_url": "https://kolonial.no/produkter/18742-nidar-mokkabonner/", "kolonial_id": "18742"},
  {"category": "Ferdige middagsretter", "category_list": ["Alle varer", "Middager og tilbeh\u00f8r", "Ferdige middagsretter"], "title": "Kylling & Pasta", "price": 59.9, "product_variant": "385 g", "quantity_info": [[385.0, "g"]], "image_url": "/media/uploads/public/233/85/987685-3238b-product_list.jpg", "unit_price_raw": "kr 155,58 per kg", "product_url": "https://kolonial.no/produkter/27992-toro-kylling-pasta/", "kolonial_id": "27992"},
  {"category": "Magasiner", "category_list": ["Alle varer", "Magasiner og b\u00f8ker", "Magasiner"], "title": "Donald Duck & Co", "price": 49.9, "product_variant": "1 stk", "quantity_info": [[1.0, "stk"]], "image_url": "/media/uploads/public/125/288/973088-232da-product_list.jpg", "unit_price_raw": "kr 49,90 per stk", "product_url": "https://kolonial.no/produkter/23026-donald-duck-co/", "kolonial_id": "23026"},
  {"category": "Magasiner", "category_list": ["Alle varer", "Magasiner og b\u00f8ker", "Magasiner"], "title": "Her og N\u00e5", "price": 49.0, "product_variant": "1 stk", "quantity_info": [[1.0, "stk"]], "image_url": "/media/uploads/public/334/91/510891-2adc0-product_list.jpg", "unit_price_raw": "kr 49,00 per stk", "product_url": "https://kolonial.no/produkter/23017-her-og-na/", "kolonial_id": "23017"},
  {"category": "Porsjonsis", "category_list": ["Alle varer", "Is og desserter", "Porsjonsis"], "title": "Snickers-Is", "price": 76.6, "product_variant": "6pk, 6 stk", "quantity_info": [[6.0, "pk"], [6.0, "stk"]], "image_url": "/media/uploads/public/0/81/5281-884b4-product_list.jpg", "unit_price_raw": "kr 12,77 per stk", "product_url": "https://kolonial.no/produkter/3169-diplom-snickers-6pk/", "kolonial_id": "3169"},
  {"category": "Porsjonsis", "category_list": ["Alle varer", "Is og desserter", "Porsjonsis"], "title": "Fruitero", "price": 70.0, "product_variant": "10 stk", "quantity_info": [[10.0, "stk"]], "image_url": "/media/uploads/public/0/393/94393-16c2e-product_list.jpg", "unit_price_raw": "kr 7,00 per stk", "product_url": "https://kolonial.no/produkter/19831-diplom-fruitero/", "kolonial_id": "19831"},
  {"category": "Kaffe", "category_list": ["Alle varer", "Drikkevarer", "Kaffe"], "title": "Kaffe Hele B\u00f8nner", "price": 52.4, "product_variant": "500 g", "quantity_info": [[500.0, "g"]], "image_url": "/media/uploads/public/120/299/164699-78554-product_list.jpg", "unit_price_raw": "kr 104,80 per kg", "product_url": "https://kolonial.no/produkter/24933-rema-1000-kaffe-hele-bonner/", "kolonial_id": "24933"},
  {"category": "Alkoholfritt", "category_list": ["Alle varer", "\u00d8l, cider og rusbrus", "Alkoholfritt"], "title": "Aass Uten", "price": 82.0, "product_variant": "6x0,33 liter, 1,98 l", "quantity_info": [[6.0, "x"], [0.33, "liter"], [1.98, "l"]], "image_url": "/media/uploads/public/376/108/972908-a3e0a-product_list.jpg", "unit_price_raw": "kr 41,41 per l", "product_url": "https://kolonial.no/produkter/13252-aass-bryggeri-aass-uten-6x033-liter/", "kolonial_id": "13252"},
  {"category": "Alkoholfritt", "category_list": ["Alle varer", "\u00d8l, cider og rusbrus", "Alkoholfritt"], "title": "Clausthaler Classic", "price": 52.9, "product_variant": "0,33l x 6 stk, 1,98 l", "quantity_info": [[0.33, "lx"], [6.0, "stk"], [1.98, "l"]], "image_url": "/media/uploads/public/156/61/990061-4b64f-product_list.jpg", "unit_price_raw": "kr 26,72 per l", "product_url": "https://kolonial.no/produkter/21997-clausthaler-clausthaler-classic-033l-x-6-stk/", "kolonial_id": "21997"},
  {"category": "Spekemat og salami", "category_list": ["Alle varer", "P\u00e5legg", "Spekemat og salami"], "title": "Salami Italiensk Hel", "price": 64.6, "product_variant": "220 g", "quantity_info": [[220.0, "g"]], "image_url": "/media/uploads/public/395/184/324984-42726-product_list.jpg", "unit_price_raw": "kr 293,64 per kg", "product_url": "https://kolonial.no/produkter/25634-grilstad-salami-italiensk-hel/", "kolonial_id": "25634"},
  {"category": "Melk", "category_list": ["Alle varer", "Melk, meieriprodukter og egg", "Melk"], "title": "Havredrikk \u00d8kologisk", "price": 25.6, "product_variant": "1 l", "quantity_info": [[1.0, "l"]], "image_url": "/media/uploads/public/16/162/973362-ea549-product_list.jpg", "unit_price_raw": "kr 25,60 per l", "product_url": "https://kolonial.no/produkter/27304-naturli-havredrikk-okologisk/", "kolonial_id": "27304"},
  {"category": "Is i boks", "category_list": ["Alle varer", "Is og desserter", "Is i boks"], "title": "WANTED Butternutter Pecan", "price": 79.9, "product_variant": "0,5 l", "quantity_info": [[0.5, "l"]], "image_url": "/media/uploads/public/98/288/973488-63ca6-product_list.jpg", "unit_price_raw": "kr 159,80 per l", "product_url": "https://kolonial.no/produkter/27425-wanted-wanted-butternutter-pecan/", "kolonial_id": "27425"},
  {"category": "Is i boks", "category_list": ["Alle varer", "Is og desserter", "Is i boks"], "title": "WANTED Salty Licorice", "price": 79.9, "product_variant": "0,5 l", "quantity_info": [[0.5, "l"]], "image_url": "/media/uploads/public/115/260/973460-889e6-product_list.jpg", "unit_price_raw": "kr 159,80 per l", "product_url": "https://kolonial.no/produkter/27424-wanted-wanted-salty-licorice/", "kolonial_id": "27424"},
  {"category": "Shampo og h\u00e5rprodukter", "category_list": ["Alle varer", "Shampo, s\u00e5pe og krem", "Shampo og h\u00e5rprodukter"], "title": "Define Sea Mineral Texturiser", "price": 72.4, "product_variant": "100 ml", "quantity_info": [[100.0, "ml"]], "image_url": "/media/uploads/public/190/373/973573-38cf8-product_list.jpg", "unit_price_raw": "kr 724,00 per l", "product_url": "https://kolonial.no/produkter/27496-define-define-sea-mineral-texturiser/", "kolonial_id": "27496"},
  {"category": "Kosttilskudd", "category_list": ["Alle varer", "Trening", "Kosttilskudd"], "title": "BCAA Cola Kosttilskudd", "price": 299.0, "product_variant": "400 g", "quantity_info": [[400.0, "g"]], "image_url": "/media/uploads/public/299/287/973087-fbb7c-product_list.jpg", "unit_price_raw": "kr 747,50 per kg", "product_url": "https://kolonial.no/produkter/27089-proteinfabrikken-bcaa-cola-kosttilskudd/", "kolonial_id": "27089"},
  {"category": "S\u00e5pe", "category_list": ["Alle varer", "Shampo, s\u00e5pe og krem", "S\u00e5pe"], "title": "Moisturising Hand Wash, Sweet Chai & Lavender", "price": 31.8, "product_variant": "500 ml", "quantity_info": [[500.0, "ml"]], "image_url": "/media/uploads/public/275/301/143101-989af-product_list.jpg", "unit_price_raw": "kr 63,60 per l", "product_url": "https://kolonial.no/produkter/24303-natural-basics-moisturising-hand-wash-sweet-chai-l/", "kolonial_id": "24303"},
  {"category": "S\u00e5pe", "category_list": ["Alle varer", "Shampo, s\u00e5pe og krem", "S\u00e5pe"], "title": "Moisturising Hand Wash, White Tea & Verbena", "price": 31.8, "product_variant": "500 ml", "quantity_info": [[500.0, "ml"]], "image_url": "/media/uploads/public/75/300/143100-d9efb-product_list.jpg", "unit_price_raw": "kr 63,60 per l", "product_url": "https://kolonial.no/produkter/24302-natural-basics-moisturising-hand-wash-white-tea-ve/", "kolonial_id": "24302"},
  {"category": "Spesial\u00f8l og import", "category_list": ["Alle varer", "\u00d8l, cider og rusbrus", "Spesial\u00f8l og import"], "title": "Peroni Nastro Azzurro", "price": 39.5, "product_variant": "0,33 l", "quantity_info": [[0.33, "l"]], "image_url": "/media/uploads/public/123/233/977033-16466-product_list.jpg", "unit_price_raw": "kr 119,70 per l", "product_url": "https://kolonial.no/produkter/10094-peroni-nastro-azzurro-47-033l/", "kolonial_id": "10094"},
  {"category": "Spesial\u00f8l og import", "category_list": ["Alle varer", "\u00d8l, cider og rusbrus", "Spesial\u00f8l og import"], "title": "Corona Extra", "price": 42.0, "product_variant": "355 ml", "quantity_info": [[355.0, "ml"]], "image_url": "/media/uploads/public/0/141/2941-ecfe7-product_list.jpg", "unit_price_raw": "kr 118,31 per l", "product_url": "https://kolonial.no/produkter/2428-corona-corona-extra-033-liter/", "kolonial_id": "2428"},
  {"category": "Boller og lefser", "category_list": ["Alle varer", "Kaker, kjeks og desserter", "Boller og lefser"], "title": "Kanelsnurrer", "price": 34.9, "product_variant": "12 stk, 420 g", "quantity_info": [[12.0, "stk"], [420.0, "g"]], "image_url": "/media/uploads/public/93/104/188104-3ee82-product_list.jpg", "unit_price_raw": "kr 83,10 per kg", "product_url": "https://kolonial.no/produkter/25286-god-bakst-kanelsnurrer-12-stk/", "kolonial_id": "25286"},
  {"category": "Boller og lefser", "category_list": ["Alle varer", "Kaker, kjeks og desserter", "Boller og lefser"], "title": "Lefsegodt Kanel", "price": 20.9, "product_variant": "2 stk, 240 g", "quantity_info": [[2.0, "stk"], [240.0, "g"]], "image_url": "/media/uploads/public/7/203/973803-b20fa-product_list.jpg", "unit_price_raw": "kr 87,08 per kg", "product_url": "https://kolonial.no/produkter/15426-berthas-lefsegodt-kanel-2-stk/", "kolonial_id": "15426"},
  {"category": "Kjeks", "category_list": ["Alle varer", "Kaker, kjeks og desserter", "Kjeks"], "title": "Kornmo", "price": 26.3, "product_variant": "Original, 225 g", "quantity_info": [[225.0, "g"]], "image_url": "/media/uploads/public/70/270/967470-ebcab-product_list.jpg", "unit_price_raw": "kr 116,89 per kg", "product_url": "https://kolonial.no/produkter/56-saetre-kornmo-original-225g/", "kolonial_id": "56"},
  {"category": "Kjeks", "category_list": ["Alle varer", "Kaker, kjeks og desserter", "Kjeks"], "title": "Caf\u00e9Bakeriet Sjokoladeterapi", "price": 43.8, "product_variant": "200 g", "quantity_info": [[200.0, "g"]], "image_url": "/media/uploads/public/39/92/973292-f63ba-product_list.jpg", "unit_price_raw": "kr 219,00 per kg", "product_url": "https://kolonial.no/produkter/7276-saetre-cafebakeriet-sjokoladeterapi/", "kolonial_id": "7276"},
  {"category": "\u00d8l", "category_list": ["Alle varer", "\u00d8l, cider og rusbrus", "\u00d8l"], "title": "Carlsberg Pilsner", "price": 253.5, "product_variant": "Boks, 10x0,33l, 3,3 l", "quantity_info": [[10.0, "x"], [0.33, "l"], [3.3, "l"]], "image_url": "/media/uploads/public/0/226/20626-ffe47-product_list.jpg", "unit_price_raw": "kr 76,82 per l", "product_url": "https://kolonial.no/produkter/12550-carlsberg-carlsberg-pilsner-boks-10x033l/", "kolonial_id": "12550"},
  {"category": "Potetchips og snacks", "category_list": ["Alle varer", "Snacks og godteri", "Potetchips og snacks"], "title": "Bacongull", "price": 38.3, "product_variant": "140 g", "quantity_info": [[140.0, "g"]], "image_url": "/media/uploads/public/124/373/971173-85305-product_list.jpg", "unit_price_raw": "kr 273,57 per kg", "product_url": "https://kolonial.no/produkter/7123-maarud-bacongull-135g/", "kolonial_id": "7123"},
  {"category": "Potetchips og snacks", "category_list": ["Alle varer", "Snacks og godteri", "Potetchips og snacks"], "title": "Potetchips Salt & Pepper", "price": 23.5, "product_variant": "250 g", "quantity_info": [[250.0, "g"]], "image_url": "/media/uploads/public/313/34/972834-d0be0-product_list.jpg", "unit_price_raw": "kr 94,00 per kg", "product_url": "https://kolonial.no/produkter/9830-kims-potetchips-salt-pepper/", "kolonial_id": "9830"},
  {"category": "Proteinpulver og styrke", "category_list": ["Alle varer", "Trening", "Proteinpulver og styrke"], "title": "Big Mass Sjokolade", "price": 190.0, "product_variant": "1 kg", "quantity_info": [[1.0, "kg"]], "image_url": "/media/uploads/public/190/274/973074-cf85f-product_list.jpg", "unit_price_raw": "kr 190,00 per kg", "product_url": "https://kolonial.no/produkter/27035-proteinfabrikken-big-mass-1kg-sjokolade/", "kolonial_id": "27035"},
  {"category": "Proteinpulver og styrke", "category_list": ["Alle varer", "Trening", "Proteinpulver og styrke"], "title": "Big Mass Jordb\u00e6r", "price": 190.0, "product_variant": "1 kg", "quantity_info": [[1.0, "kg"]], "image_url": "/media/uploads/public/187/284/973084-8dc45-product_list.jpg", "unit_price_raw": "kr 190,00 per kg", "product_url": "https://kolonial.no/produkter/27034-proteinfabrikken-big-mass-jordbaer/", "kolonial_id": "27034"},
  {"category": "Syltet\u00f8y", "category_list": ["Alle varer", "P\u00e5legg", "Syltet\u00f8y"], "title": "Bringeb\u00e6rsyltet\u00f8y", "price": 33.9, "product_variant": "200 g", "quantity_info": [[200.0, "g"]], "image_url": "/media/uploads/public/215/314/373914-c58c6-product_list.jpg", "unit_price_raw": "kr 169,50 per kg", "product_url": "https://kolonial.no/produkter/25668-loiten-bringebaersyltetoy/", "kolonial_id": "25668"},
  {"category": "Ferdigsauser", "category_list": ["Alle varer", "Middager og tilbeh\u00f8r", "Ferdigsauser"], "title": "Nirus Tandoori Paste", "price": 35.9, "product_variant": "200 g", "quantity_info": [[200.0, "g"]], "image_url": "/media/uploads/public/58/221/971821-5e527-product_list.jpg", "unit_price_raw": "kr 179,50 per kg", "product_url": "https://kolonial.no/produkter/24064-masalamagic-nirus-tandoori-paste/", "kolonial_id": "24064"},
  {"category": "Ferdigsauser", "category_list": ["Alle varer", "Middager og tilbeh\u00f8r", "Ferdigsauser"], "title": "Nirus Curry Paste", "price": 35.9, "product_variant": "1 stk", "quantity_info": [[1.0, "stk"]], "image_url": "/media/uploads/public/292/217/971817-7a7b4-product_list.jpg", "unit_price_raw": "kr 35,90 per stk", "product_url": "https://kolonial.no/produkter/24062-masalamagic-nirus-curry-paste/", "kolonial_id": "24062"},
  {"category": "Brus", "category_list": ["Alle varer", "Drikkevarer", "Brus"], "title": "Russchian", "price": 25.8, "product_variant": "0,5 l", "quantity_info": [[0.5, "l"]], "image_url": "/media/uploads/public/136/106/371706-f32a1-product_list.jpg", "unit_price_raw": "kr 51,60 per l", "product_url": "https://kolonial.no/produkter/25965-schweppes-russchian/", "kolonial_id": "25965"},
  {"category": "Cider og rusbrus", "category_list": ["Alle varer", "\u00d8l, cider og rusbrus", "Cider og rusbrus"], "title": "Crabbies Ginger Beer", "price": 56.5, "product_variant": "4%, 0,5 l", "quantity_info": [[4.0, ""], [0.5, "l"]], "image_url": "/media/uploads/public/346/42/971642-c0c0b-product_list.jpg", "unit_price_raw": "kr 113,00 per l", "product_url": "https://kolonial.no/produkter/23889-crabbies-ginger-beer-4/", "kolonial_id": "23889"},
  {"category": "Cider og rusbrus", "category_list": ["Alle varer", "\u00d8l, cider og rusbrus", "Cider og rusbrus"], "title": "Grevens P\u00e6recider", "price": 40.5, "product_variant": "Uten Tilsatt Sukker, 0,5 l", "quantity_info": [[0.5, "l"]], "image_url": "/media/uploads/public/17/333/970333-e80b3-product_list.jpg", "unit_price_raw": "kr 81,00 per l", "product_url": "https://kolonial.no/produkter/21325-grevens-grevens-paerecider-uten-tilsatt-sukker/", "kolonial_id": "21325"},
  {"category": "Pepperkaker og julekaker", "category_list": ["Alle varer", "Kaker, kjeks og desserter", "Pepperkaker og julekaker"], "title": "Berthas Lefserull", "price": 37.0, "product_variant": "5 stk, 250 g", "quantity_info": [[5.0, "stk"], [250.0, "g"]], "image_url": "/media/uploads/public/34/358/1013558-e07a8-product_list.jpg", "unit_price_raw": "kr 148,00 per kg", "product_url": "https://kolonial.no/produkter/23897-baxt-berthas-lefserull-5-stk/", "kolonial_id": "23897"},
  {"category": "Godteri", "category_list": ["Alle varer", "Snacks og godteri", "Godteri"], "title": "Laban Ut P\u00e5 Tur Alltid Sur", "price": 36.9, "product_variant": "170 g", "quantity_info": [[170.0, "g"]], "image_url": "/media/uploads/public/347/380/1015580-eae50-product_list.jpg", "unit_price_raw": "kr 217,06 per kg", "product_url": "https://kolonial.no/produkter/27755-nidar-laban-ut-pa-tur-alltid-sur/", "kolonial_id": "27755"},
  {"category": "Godteri", "category_list": ["Alle varer", "Snacks og godteri", "Godteri"], "title": "Mega Double Lolly Swizzel", "price": 14.2, "product_variant": "1 stk", "quantity_info": [[1.0, "stk"]], "image_url": "/media/uploads/public/131/45/969245-a2320-product_list.jpg", "unit_price_raw": "kr 14,20 per stk", "product_url": "https://kolonial.no/produkter/17821-mega-double-lolly-swizzel/", "kolonial_id": "17821"},
  {"category": "Mel og sukker", "category_list": ["Alle varer", "Mel og bakeingredienser", "Mel og sukker"], "title": "Fibra Fullkornshvetemel", "price": 41.5, "product_variant": "2 kg", "quantity_info": [[2.0, "kg"]], "image_url": "/media/uploads/public/95/211/968211-cfce2-product_list.jpg", "unit_price_raw": "kr 20,75 per kg", "product_url": "https://kolonial.no/produkter/12898-mollerens-fibra-fullkornshvetemel/", "kolonial_id": "12898"},
  {"category": "Mel og sukker", "category_list": ["Alle varer", "Mel og bakeingredienser", "Mel og sukker"], "title": "Hvete Helkorn", "price": 18.6, "product_variant": "1 kg", "quantity_info": [[1.0, "kg"]], "image_url": "/media/uploads/public/334/115/965315-9b33c-product_list.jpg", "unit_price_raw": "kr 18,60 per kg", "product_url": "https://kolonial.no/produkter/12907-mollerens-hvete-helkorn-1kg/", "kolonial_id": "12907"},
  {"category": "Legemidler", "category_list": ["Alle varer", "Legemidler og helsekost", "Legemidler"], "title": "Menthol", "price": 61.9, "product_variant": "1mg, 10 ml", "quantity_info": [[1.0, "mg"], [10.0, "ml"]], "image_url": "/media/uploads/public/353/333/1001533-1ed16-product_list.jpg", "unit_price_raw": "kr 6190,00 per l", "product_url": "https://kolonial.no/produkter/21955-otrivin-menthol-1mg/", "kolonial_id": "21955"},
  {"category": "Sjokolade", "category_list": ["Alle varer", "Snacks og godteri", "Sjokolade"], "title": "Kong Haakon", "price": 239.9, "product_variant": "450 g", "quantity_info": [[450.0, "g"]], "image_url": "/media/uploads/public/56/33/968833-810db-product_list.jpg", "unit_price_raw": "kr 533,11 per kg", "product_url": "https://kolonial.no/produkter/16690-freia-kong-haakon/", "kolonial_id": "16690"},
  {"category": "Julens fisk og sj\u00f8mat", "category_list": ["Alle varer", "Fisk og sj\u00f8mat", "Julens fisk og sj\u00f8mat"], "title": "Godehav Lutefisk Filet Vakuum", "price": 139.9, "product_variant": "ca. 1,25 kg", "quantity_info": [[1.25, "kg"]], "image_url": "/media/uploads/public/77/269/639069-f4641-product_list.jpg", "unit_price_raw": "kr 111,92 per kg", "product_url": "https://kolonial.no/produkter/26908-godehav-lutefisk-filet-vakuum/", "kolonial_id": "26908"},
  {"category": "Toalettpapir og t\u00f8rkerull", "category_list": ["Alle varer", "T\u00f8rkepapir og vaskemidler", "Toalettpapir og t\u00f8rkerull"], "title": "T\u00f8rkerull Lambi", "price": 40.6, "product_variant": "4 stk", "quantity_info": [[4.0, "stk"]], "image_url": "/media/uploads/public/176/142/1009342-3bc64-product_list.jpg", "unit_price_raw": "kr 10,15 per stk", "product_url": "https://kolonial.no/produkter/8360-lambi-torkerull-lambi/", "kolonial_id": "8360"},
  {"category": "Yoghurt", "category_list": ["Alle varer", "Melk, meieriprodukter og egg", "Yoghurt"], "title": "R\u00f8ros Yoghurt \u00d8kologisk", "price": 30.9, "product_variant": "450 g", "quantity_info": [[450.0, "g"]], "image_url": "/media/uploads/public/37/201/973801-55160-product_list.jpg", "unit_price_raw": "kr 68,67 per kg", "product_url": "https://kolonial.no/produkter/24239-rorosmeieriet-roros-yoghurt-okologisk/", "kolonial_id": "24239"},
  {"category": "Yoghurt", "category_list": ["Alle varer", "Melk, meieriprodukter og egg", "Yoghurt"], "title": "Yoghurt Fyldig Sitron", "price": 26.9, "product_variant": "4 x 125g, 500 g", "quantity_info": [[4.0, "x"], [125.0, "g"], [500.0, "g"]], "image_url": "/media/uploads/public/115/263/151863-a29ec-product_list.jpg", "unit_price_raw": "kr 53,80 per kg", "product_url": "https://kolonial.no/produkter/24676-tine-yoghurt-fyldig-sitron-4-x-125g/", "kolonial_id": "24676"},
  {"category": "Gr\u00f8nnsaker", "category_list": ["Alle varer", "Frukt og gr\u00f8nt", "Gr\u00f8nnsaker"], "title": "Soyab\u00f8nner Edamame", "price": 17.9, "product_variant": "Ferske, Kenya, 100 g", "quantity_info": [[100.0, "g"]], "image_url": "/media/uploads/public/0/176/104176-8cd97-product_list.jpg", "unit_price_raw": "kr 179,00 per kg", "product_url": "https://kolonial.no/produkter/22468-soyabonner-edamame-ferske/", "kolonial_id": "22468"},
  {"category": "Hermetisert frukt og gr\u00f8nt", "category_list": ["Alle varer", "Frukt og gr\u00f8nt", "Hermetisert frukt og gr\u00f8nt"], "title": "R\u00f8d paprika med hvitl\u00f8k", "price": 31.8, "product_variant": "Pimientos, 290 g", "quantity_info": [[290.0, "g"]], "image_url": "/media/uploads/public/81/112/152112-6a63a-product_list.jpg", "unit_price_raw": "kr 109,66 per kg", "product_url": "https://kolonial.no/produkter/24847-la-cestita-paprika-rod-med-hvitlok-pimientos/", "kolonial_id": "24847"},
  {"category": "Ferdige middagsretter", "category_list": ["Alle varer", "Middager og tilbeh\u00f8r", "Ferdige middagsretter"], "title": "Lys Lapskaus", "price": 56.9, "product_variant": "450 g", "quantity_info": [[450.0, "g"]], "image_url": "/media/uploads/public/153/90/964090-6bfac-product_list.jpg", "unit_price_raw": "kr 126,44 per kg", "product_url": "https://kolonial.no/produkter/27022-lys-lapskaus/", "kolonial_id": "27022"},
  {"category": "Ferdige middagsretter", "category_list": ["Alle varer", "Middager og tilbeh\u00f8r", "Ferdige middagsretter"], "title": "Pasta Penne", "price": 54.9, "product_variant": "470 g", "quantity_info": [[470.0, "g"]], "image_url": "/media/uploads/public/73/272/710272-63470-product_list.jpg", "unit_price_raw": "kr 116,81 per kg", "product_url": "https://kolonial.no/produkter/27601-fjordland-pasta-penne/", "kolonial_id": "27601"},
  {"category": "Magasiner", "category_list": ["Alle varer", "Magasiner og b\u00f8ker", "Magasiner"], "title": "Kamille", "price": 99.0, "product_variant": "1 stk", "quantity_info": [[1.0, "stk"]], "image_url": "/media/uploads/public/139/271/613071-5a494-product_list.jpg", "unit_price_raw": "kr 99,00 per stk", "product_url": "https://kolonial.no/produkter/23038-kamille/", "kolonial_id": "23038"},
  {"category": "Porsjonsis", "category_list": ["Alle varer", "Is og desserter", "Porsjonsis"], "title": "Royal Salt Karamell Mini", "price": 76.9, "product_variant": "6 stk", "quantity_info": [[6.0, "stk"]], "image_url": "/media/uploads/public/342/298/973498-70b32-product_list.jpg", "unit_price_raw": "kr 12,82 per stk", "product_url": "https://kolonial.no/produkter/27442-diplom-royal-salt-karamell-mini/", "kolonial_id": "27442"},
  {"category": "Porsjonsis", "category_list": ["Alle varer", "Is og desserter", "Porsjonsis"], "title": "Magnum Mini Mix", "price": 59.9, "product_variant": "6 x 55ml, 330 ml", "quantity_info": [[6.0, "x"], [55.0, "ml"], [330.0, "ml"]], "image_url": "/media/uploads/public/160/4/981204-4b9e7-product_list.jpg", "unit_price_raw": "kr 181,52 per l", "product_url": "https://kolonial.no/produkter/27926-magnum-magnum-mini-mix-6-x-55ml/", "kolonial_id": "27926"},
  {"category": "Kaffe", "category_list": ["Alle varer", "Drikkevarer", "Kaffe"], "title": "Ambero Kaffe", "price": 17.8, "product_variant": "Filtermalt, 250 g", "quantity_info": [[250.0, "g"]], "image_url": "/media/uploads/public/191/343/972343-77d87-product_list.jpg", "unit_price_raw": "kr 71,20 per kg", "product_url": "https://kolonial.no/produkter/6028-kjeldsberg-kaffebrenneri-ambero-kaffe-filtermalt-2/", "kolonial_id": "6028"},
  {"category": "Kaffe", "category_list": ["Alle varer", "Drikkevarer", "Kaffe"], "title": "Kaffe Finmalt", "price": 988.0, "product_variant": "70 poser \u00e1 100g, 70 stk", "quantity_info": [[70.0, "poser\u00e1"], [100.0, "g"], [70.0, "stk"]], "image_url": "/media/uploads/public/0/232/23032-c8a24-product_list.jpg", "unit_price_raw": "kr 14,11 per stk", "product_url": "https://kolonial.no/produkter/12856-friele-kaffe-finmalt-70-poser-100g/", "kolonial_id": "12856"},
  {"category": "Alkoholfritt", "category_list": ["Alle varer", "\u00d8l, cider og rusbrus", "Alkoholfritt"], "title": "Munkholm Fat\u00f8l", "price": 90.9, "product_variant": "6 x 0,33l, 1,98 l", "quantity_info": [[6.0, "x"], [0.33, "l"], [1.98, "l"]], "image_url": "/media/uploads/public/249/332/861932-7bf15-product_list.jpg", "unit_price_raw": "kr 45,91 per l", "product_url": "https://kolonial.no/produkter/27395-munkholm-munkholm-fatol-6-x-033l/", "kolonial_id": "27395"},
  {"category": "Alkoholfritt", "category_list": ["Alle varer", "\u00d8l, cider og rusbrus", "Alkoholfritt"], "title": "Munkholm Weiss", "price": 90.9, "product_variant": "6 x 0,33l, 1,98 l", "quantity_info": [[6.0, "x"], [0.33, "l"], [1.98, "l"]], "image_url": "/media/uploads/public/40/331/861931-bc494-product_list.jpg", "unit_price_raw": "kr 45,91 per l", "product_url": "https://kolonial.no/produkter/27394-munkholm-munkholm-weiss-6-x-033l/", "kolonial_id": "27394"},
  {"category": "Spekemat og salami", "category_list": ["Alle varer", "P\u00e5legg", "Spekemat og salami"], "title": "Salami Snack Mini", "price": 11.2, "product_variant": "20 g", "quantity_info": [[20.0, "g"]], "image_url": "/media/uploads/public/63/43/187643-767f3-product_list.jpg", "unit_price_raw": "kr 560,00 per kg", "product_url": "https://kolonial.no/produkter/25336-grilstad-salami-snack-mini/", "kolonial_id": "25336"},
  {"category": "Spekemat og salami", "category_list": ["Alle varer", "P\u00e5legg", "Spekemat og salami"], "title": "Hvitl\u00f8k Snack", "price": 20.5, "product_variant": "40 g", "quantity_info": [[40.0, "g"]], "image_url": "/media/uploads/public/7/330/971930-8622c-product_list.jpg", "unit_price_raw": "kr 512,50 per kg", "product_url": "https://kolonial.no/produkter/24496-grilstad-hvitlok-snack/", "kolonial_id": "24496"},
  {"category": "Melk", "category_list": ["Alle varer", "Melk, meieriprodukter og egg", "Melk"], "title": "Kokosdrikk \u00d8kologisk", "price": 42.1, "product_variant": "1 l", "quantity_info": [[1.0, "l"]], "image_url": "/media/uploads/public/274/213/973413-caef3-product_list.jpg", "unit_price_raw": "kr 42,10 per l", "product_url": "https://kolonial.no/produkter/27308-naturli-kokosdrikk-okologisk/", "kolonial_id": "27308"},
  {"category": "Melk", "category_list": ["Alle varer", "Melk, meieriprodukter og egg", "Melk"], "title": "Litago Uten", "price": 34.6, "product_variant": "Uten Sukker, 1 l", "quantity_info": [[1.0, "l"]], "image_url": "/media/uploads/public/327/296/248696-56dba-product_list.jpg", "unit_price_raw": "kr 34,60 per l", "product_url": "https://kolonial.no/produkter/25479-tine-litago-uten-uten-sukker/", "kolonial_id": "25479"},
  {"category": "Is i boks", "category_list": ["Alle varer", "Is og desserter", "Is i boks"], "title": "WANTED Cookie Dough", "price": 79.9, "product_variant": "0,5 l", "quantity_info": [[0.5, "l"]], "image_url": "/media/uploads/public/230/292/973492-9fadb-product_list.jpg", "unit_price_raw": "kr 159,80 per l", "product_url": "https://kolonial.no/produkter/27427-wanted-wanted-cookie-dough/", "kolonial_id": "27427"},
  {"category": "Shampo og h\u00e5rprodukter", "category_list": ["Alle varer", "Shampo, s\u00e5pe og krem", "Shampo og h\u00e5rprodukter"], "title": "Shampoo", "price": 60.5, "product_variant": "Sea Mineral Texture, 250 ml", "quantity_info": [[250.0, "ml"]], "image_url": "/media/uploads/public/276/43/973643-9938f-product_list.jpg", "unit_price_raw": "kr 242,00 per l", "product_url": "https://kolonial.no/produkter/27494-define-shampoo-sea-mineral-texture/", "kolonial_id": "27494"},
  {"category": "Shampo og h\u00e5rprodukter", "category_list": ["Alle varer", "Shampo, s\u00e5pe og krem", "Shampo og h\u00e5rprodukter"], "title": "Balsam", "price": 60.8, "product_variant": "Sea Mineral Texture, 200 ml", "quantity_info": [[200.0, "ml"]], "image_url": "/media/uploads/public/160/354/973554-856d5-product_list.jpg", "unit_price_raw": "kr 304,00 per l", "product_url": "https://kolonial.no/produkter/27495-define-balsam-sea-mineral-texture/", "kolonial_id": "27495"},
  {"category": "Kosttilskudd", "category_list": ["Alle varer", "Trening", "Kosttilskudd"], "title": "BCAA Fruit Punch Kosttilskudd", "price": 299.0, "product_variant": "400 g", "quantity_info": [[400.0, "g"]], "image_url": "/media/uploads/public/149/360/973160-b1edc-product_list.jpg", "unit_price_raw": "kr 747,50 per kg", "product_url": "https://kolonial.no/produkter/27080-proteinfabrikken-bcaa-fruit-punch-kosttilskudd/", "kolonial_id": "27080"},
  {"category": "Kosttilskudd", "category_list": ["Alle varer", "Trening", "Kosttilskudd"], "title": "BCAA Green Apple Kosttilskudd", "price": 299.0, "product_variant": "400 g", "quantity_info": [[400.0, "g"]], "image_url": "/media/uploads/public/291/307/973107-7ed5f-product_list.jpg", "unit_price_raw": "kr 747,50 per kg", "product_url": "https://kolonial.no/produkter/27081-proteinfabrikken-bcaa-green-apple-kosttilskudd/", "kolonial_id": "27081"},
  {"category": "S\u00e5pe", "category_list": ["Alle varer", "Shampo, s\u00e5pe og krem", "S\u00e5pe"], "title": "Klar H\u00e5nds\u00e5pe", "price": 38.8, "product_variant": "0,3 l", "quantity_info": [[0.3, "l"]], "image_url": "/media/uploads/public/348/271/618271-82335-product_list.jpg", "unit_price_raw": "kr 129,33 per l", "product_url": "https://kolonial.no/produkter/26546-klar-klar-handsape/", "kolonial_id": "26546"},
  {"category": "S\u00e5pe", "category_list": ["Alle varer", "Shampo, s\u00e5pe og krem", "S\u00e5pe"], "title": "Clear Handsoap, Green Tea & Lemongrass", "price": 31.8, "product_variant": "500 ml", "quantity_info": [[500.0, "ml"]], "image_url": "/media/uploads/public/102/96/373296-27926-product_list.jpg", "unit_price_raw": "kr 63,60 per l", "product_url": "https://kolonial.no/produkter/24299-clear-handsoap-green-tea-lemongrass/", "kolonial_id": "24299"},
  {"category": "Spesial\u00f8l og import", "category_list": ["Alle varer", "\u00d8l, cider og rusbrus", "Spesial\u00f8l og import"], "title": "Kronenbourg Blanc", "price": 38.9, "product_variant": "0,33 l", "quantity_info": [[0.33, "l"]], "image_url": "/media/uploads/public/0/342/105142-1ad26-product_list.jpg", "unit_price_raw": "kr 117,88 per l", "product_url": "https://kolonial.no/produkter/22495-kronenbourg-kronenbourg-blanc/", "kolonial_id": "22495"},
  {"category": "Spesial\u00f8l og import", "category_list": ["Alle varer", "\u00d8l, cider og rusbrus", "Spesial\u00f8l og import"], "title": "Kronenbourg 1664", "price": 41.2, "product_variant": "0,33 l", "quantity_info": [[0.33, "l"]], "image_url": "/media/uploads/public/0/98/6898-d84ef-product_list.jpg", "unit_price_raw": "kr 124,85 per l", "product_url": "https://kolonial.no/produkter/8023-kronenbourg-kronenbourg-1664-033/", "kolonial_id": "8023"},
  {"category": "Boller og lefser", "category_list": ["Alle varer", "Kaker, kjeks og desserter", "Boller og lefser"], "title": "Vestlandslefsa", "price": 29.9, "product_variant": "Original, 350 g", "quantity_info": [[350.0, "g"]], "image_url": "/media/uploads/public/0/55/34855-b889b-product_list.jpg", "unit_price_raw": "kr 85,43 per kg", "product_url": "https://kolonial.no/produkter/14380-toro-vestlandslefsa-original-350g/", "kolonial_id": "14380"},
  {"category": "Sm\u00e5kaker", "category_list": ["Alle varer", "Kaker, kjeks og desserter", "Sm\u00e5kaker"], "title": "Sitronkake Med Glasur", "price": 37.9, "product_variant": "350 g", "quantity_info": [[350.0, "g"]], "image_url": "/media/uploads/public/253/227/965027-5e52f-product_list.jpg", "unit_price_raw": "kr 108,29 per kg", "product_url": "https://kolonial.no/produkter/15423-baxt-sitronkake-med-glasur/", "kolonial_id": "15423"},
  {"category": "Kjeks", "category_list": ["Alle varer", "Kaker, kjeks og desserter", "Kjeks"], "title": "Melkesjokolade Kjeks", "price": 37.8, "product_variant": "184 g", "quantity_info": [[184.0, "g"]], "image_url": "/media/uploads/public/365/216/964616-a4af2-product_list.jpg", "unit_price_raw": "kr 205,43 per kg", "product_url": "https://kolonial.no/produkter/970-freia-melkesjokolade-kjeks-184g/", "kolonial_id": "970"},
  {"category": "\u00d8l", "category_list": ["Alle varer", "\u00d8l, cider og rusbrus", "\u00d8l"], "title": "Carlsberg Pilsner", "price": 188.4, "product_variant": "6x0,5 liter, 3 l", "quantity_info": [[6.0, "x"], [0.5, "liter"], [3.0, "l"]], "image_url": "/media/uploads/public/221/208/986208-c88d9-product_list.jpg", "unit_price_raw": "kr 62,80 per l", "product_url": "https://kolonial.no/produkter/2413-carlsberg-carlsberg-pilsner-6x05-liter/", "kolonial_id": "2413"},
  {"category": "\u00d8l", "category_list": ["Alle varer", "\u00d8l, cider og rusbrus", "\u00d8l"], "title": "Ringnes Pilsner", "price": 155.4, "product_variant": "6x0,5 liter, 3 l", "quantity_info": [[6.0, "x"], [0.5, "liter"], [3.0, "l"]], "image_url": "/media/uploads/public/0/150/2950-63b84-product_list.jpg", "unit_price_raw": "kr 51,80 per l", "product_url": "https://kolonial.no/produkter/1600-ringnes-ringnes-pilsner-6x05-liter/", "kolonial_id": "1600"},
  {"category": "Potetchips og snacks", "category_list": ["Alle varer", "Snacks og godteri", "Potetchips og snacks"], "title": "Potetchips Salt", "price": 34.5, "product_variant": "250 g", "quantity_info": [[250.0, "g"]], "image_url": "/media/uploads/public/251/51/972851-80b1f-product_list.jpg", "unit_price_raw": "kr 138,00 per kg", "product_url": "https://kolonial.no/produkter/7213-kims-potetchips-salt-400g/", "kolonial_id": "7213"},
  {"category": "Potetchips og snacks", "category_list": ["Alle varer", "Snacks og godteri", "Potetchips og snacks"], "title": "Potetchips Paprika", "price": 31.9, "product_variant": "250 g", "quantity_info": [[250.0, "g"]], "image_url": "/media/uploads/public/332/345/972745-c50b5-product_list.jpg", "unit_price_raw": "kr 127,60 per kg", "product_url": "https://kolonial.no/produkter/9827-kims-potetchips-paprika-400g/", "kolonial_id": "9827"},
  {"category": "Proteinpulver og styrke", "category_list": ["Alle varer", "Trening", "Proteinpulver og styrke"], "title": "Maxim Pure Whey Protein", "price": 154.5, "product_variant": "Rich Chocolate Taste, 400 g", "quantity_info": [[400.0, "g"]], "image_url": "/media/uploads/public/17/297/972697-abb0a-product_list.jpg", "unit_price_raw": "kr 386,25 per kg", "product_url": "https://kolonial.no/produkter/26689-maxim-maxim-pure-whey-protein-rich-chocolate-taste/", "kolonial_id": "26689"},
  {"category": "Proteinpulver og styrke", "category_list": ["Alle varer", "Trening", "Proteinpulver og styrke"], "title": "Maxim Pure Whey Protein", "price": 154.5, "product_variant": "Sweet Strawbery Taste, 400 g", "quantity_info": [[400.0, "g"]], "image_url": "/media/uploads/public/24/368/620368-419ce-product_list.jpg", "unit_price_raw": "kr 386,25 per kg", "product_url": "https://kolonial.no/produkter/26688-maxim-maxim-pure-whey-protein-sweet-strawbery-tast/", "kolonial_id": "26688"},
  {"category": "Syltet\u00f8y", "category_list": ["Alle varer", "P\u00e5legg", "Syltet\u00f8y"], "title": "Appelsinmarmelade Gourmet med Aquavit", "price": 33.9, "product_variant": "200 g", "quantity_info": [[200.0, "g"]], "image_url": "/media/uploads/public/25/206/325006-d1459-product_list.jpg", "unit_price_raw": "kr 169,50 per kg", "product_url": "https://kolonial.no/produkter/25675-loiten-appelsinmarmelade-gourmet-med-aquavit/", "kolonial_id": "25675"},
  {"category": "Ferdigsauser", "category_list": ["Alle varer", "Middager og tilbeh\u00f8r", "Ferdigsauser"], "title": "Butter Chicken Cooking Saus", "price": 38.9, "product_variant": "350 g", "quantity_info": [[350.0, "g"]], "image_url": "/media/uploads/public/270/109/663709-41cca-product_list.jpg", "unit_price_raw": "kr 111,14 per kg", "product_url": "https://kolonial.no/produkter/27200-pataks-butter-chicken-cooking-saus/", "kolonial_id": "27200"},
  {"category": "Ferdigsauser", "category_list": ["Alle varer", "Middager og tilbeh\u00f8r", "Ferdigsauser"], "title": "Cooking Saus Tikka Masala Hot & Spicy", "price": 38.0, "product_variant": "Curry Sauce, 350 g", "quantity_info": [[350.0, "g"]], "image_url": "/media/uploads/public/138/95/964095-863e1-product_list.jpg", "unit_price_raw": "kr 108,57 per kg", "product_url": "https://kolonial.no/produkter/26578-pataks-cooking-saus-tikka-masala-hot-spicy-curry-s/", "kolonial_id": "26578"},
  {"category": "Brus", "category_list": ["Alle varer", "Drikkevarer", "Brus"], "title": "Soda Water", "price": 25.8, "product_variant": "0,5 l", "quantity_info": [[0.5, "l"]], "image_url": "/media/uploads/public/391/107/371707-ed6ac-product_list.jpg", "unit_price_raw": "kr 51,60 per l", "product_url": "https://kolonial.no/produkter/25966-schweppes-soda-water/", "kolonial_id": "25966"},
  {"category": "Cider og rusbrus", "category_list": ["Alle varer", "\u00d8l, cider og rusbrus", "Cider og rusbrus"], "title": "Grevens Iste & Fersken", "price": 40.8, "product_variant": "0,5 l", "quantity_info": [[0.5, "l"]], "image_url": "/media/uploads/public/362/393/970393-37667-product_list.jpg", "unit_price_raw": "kr 81,60 per l", "product_url": "https://kolonial.no/produkter/21328-grevens-grevens-iste-fersken/", "kolonial_id": "21328"},
  {"category": "Godteri", "category_list": ["Alle varer", "Snacks og godteri", "Godteri"], "title": "Gomp Fruktpastiller", "price": 12.9, "product_variant": "25 g", "quantity_info": [[25.0, "g"]], "image_url": "/media/uploads/public/322/15/967215-6dc75-product_list.jpg", "unit_price_raw": "kr 516,00 per kg", "product_url": "https://kolonial.no/produkter/15543-brynild-gomp-fruktpastiller/", "kolonial_id": "15543"},
  {"category": "Godteri", "category_list": ["Alle varer", "Snacks og godteri", "Godteri"], "title": "Knott", "price": 29.8, "product_variant": "80 g", "quantity_info": [[80.0, "g"]], "image_url": "/media/uploads/public/289/228/973828-742de-product_list.jpg", "unit_price_raw": "kr 372,50 per kg", "product_url": "https://kolonial.no/produkter/27760-nidar-knott/", "kolonial_id": "27760"},
  {"category": "Mel og sukker", "category_list": ["Alle varer", "Mel og bakeingredienser", "Mel og sukker"], "title": "Hvetemel", "price": 21.0, "product_variant": "Siktet, 2,2 kg", "quantity_info": [[2.2, "kg"]], "image_url": "/media/uploads/public/244/290/149090-15a49-product_list.jpg", "unit_price_raw": "kr 9,55 per kg", "product_url": "https://kolonial.no/produkter/1768-mollerens-hvetemel-siktet-2-kg/", "kolonial_id": "1768"},
  {"category": "Sportsdrikke", "category_list": ["Alle varer", "Trening", "Sportsdrikke"], "title": "E-Burn Brusetablett", "price": 90.0, "product_variant": "20 stk", "quantity_info": [[20.0, "stk"]], "image_url": "/media/uploads/public/376/276/973076-87f08-product_list.jpg", "unit_price_raw": "kr 4,50 per stk", "product_url": "https://kolonial.no/produkter/27066-proteinfabrikken-e-burn-brusetablett/", "kolonial_id": "27066"},
  {"category": "Sportsdrikke", "category_list": ["Alle varer", "Trening", "Sportsdrikke"], "title": "E-Kick Brusetablett", "price": 90.0, "product_variant": "20 stk", "quantity_info": [[20.0, "stk"]], "image_url": "/media/uploads/public/196/225/973025-99e6b-product_list.jpg", "unit_price_raw": "kr 4,50 per stk", "product_url": "https://kolonial.no/produkter/27065-proteinfabrikken-e-kick-brusetablett/", "kolonial_id": "27065"},
  {"category": "Legemidler", "category_list": ["Alle varer", "Legemidler og helsekost", "Legemidler"], "title": "Otricare Aloe Vera Saltvannsspray", "price": 72.4, "product_variant": "50 ml", "quantity_info": [[50.0, "ml"]], "image_url": "/media/uploads/public/0/286/50686-9fb17-product_list.jpg", "unit_price_raw": "kr 1448,00 per l", "product_url": "https://kolonial.no/produkter/17368-otrivin-otricare-aloe-vera-saltvannsspray/", "kolonial_id": "17368"},
  {"category": "Legemidler", "category_list": ["Alle varer", "Legemidler og helsekost", "Legemidler"], "title": "Otrivin Comp Nesespray", "price": 55.9, "product_variant": "1mg, 10 ml", "quantity_info": [[1.0, "mg"], [10.0, "ml"]], "image_url": "/media/uploads/public/0/167/2167-e8467-product_list.jpg", "unit_price_raw": "kr 5590,00 per l", "product_url": "https://kolonial.no/produkter/611-otrivin-otrivin-comp-nesespray-1mg/", "kolonial_id": "611"},
  {"category": "Sjokolade", "category_list": ["Alle varer", "Snacks og godteri", "Sjokolade"], "title": "Fruktkjerner Bl\u00e5b\u00e6r", "price": 48.5, "product_variant": "140 g", "quantity_info": [[140.0, "g"]], "image_url": "/media/uploads/public/197/52/973252-1804d-product_list.jpg", "unit_price_raw": "kr 346,43 per kg", "product_url": "https://kolonial.no/produkter/27286-vill-fruktkjerner-blabaer/", "kolonial_id": "27286"},
  {"category": "Toalettpapir og t\u00f8rkerull", "category_list": ["Alle varer", "T\u00f8rkepapir og vaskemidler", "Toalettpapir og t\u00f8rkerull"], "title": "Lotus T\u00f8rkerull", "price": 33.3, "product_variant": "1 rull, 1 stk", "quantity_info": [[1.0, "rull"], [1.0, "stk"]], "image_url": "/media/uploads/public/170/343/1020743-d4599-product_list.jpg", "unit_price_raw": "kr 33,30 per stk", "product_url": "https://kolonial.no/produkter/354-edet-lotus-torkerull-1-rull/", "kolonial_id": "354"},
  {"category": "Toalettpapir og t\u00f8rkerull", "category_list": ["Alle varer", "T\u00f8rkepapir og vaskemidler", "Toalettpapir og t\u00f8rkerull"], "title": "T\u00f8rkerull", "price": 43.9, "product_variant": "2 stk", "quantity_info": [[2.0, "stk"]], "image_url": "/media/uploads/public/395/256/966256-863eb-product_list.jpg", "unit_price_raw": "kr 21,95 per stk", "product_url": "https://kolonial.no/produkter/5239-soft-style-torkerull-2pk/", "kolonial_id": "5239"},
  {"category": "Gr\u00f8nnsaker", "category_list": ["Alle varer", "Frukt og gr\u00f8nt", "Gr\u00f8nnsaker"], "title": "R\u00f8d Paprika Skivet", "price": 55.9, "product_variant": "Spania, 500 g", "quantity_info": [[500.0, "g"]], "image_url": "/media/uploads/public/0/64/76864-caad5-product_list.jpg", "unit_price_raw": "kr 111,80 per kg", "product_url": "https://kolonial.no/produkter/19030-rod-paprika-skivet-spania/", "kolonial_id": "19030"},
  {"category": "Hermetisert frukt og gr\u00f8nt", "category_list": ["Alle varer", "Frukt og gr\u00f8nt", "Hermetisert frukt og gr\u00f8nt"], "title": "Kidneyb\u00f8nner i Chili", "price": 14.3, "product_variant": "410 g", "quantity_info": [[410.0, "g"]], "image_url": "/media/uploads/public/172/291/164691-3c807-product_list.jpg", "unit_price_raw": "kr 34,88 per kg", "product_url": "https://kolonial.no/produkter/24589-rema-1000-kidneybonner-i-chili/", "kolonial_id": "24589"},
  {"category": "Julens godteri", "category_list": ["Alle varer", "Snacks og godteri", "Julens godteri"], "title": "Twist", "price": 92.8, "product_variant": "Stor pose, 490 g", "quantity_info": [[490.0, "g"]], "image_url": "/media/uploads/public/145/164/964564-a638c-product_list.jpg", "unit_price_raw": "kr 189,39 per kg", "product_url": "https://kolonial.no/produkter/252-freia-twist-stor-pose-490g/", "kolonial_id": "252"},
  {"category": "Julens godteri", "category_list": ["Alle varer", "Snacks og godteri", "Julens godteri"], "title": "Melkesjokolade Sn\u00f8krystaller", "price": 49.9, "product_variant": "190 g", "quantity_info": [[190.0, "g"]], "image_url": "/media/uploads/public/10/340/963540-eaf38-product_list.jpg", "unit_price_raw": "kr 262,63 per kg", "product_url": "https://kolonial.no/produkter/27888-freia-melkesjokolade-snokrystaller/", "kolonial_id": "27888"},
  {"category": "Ferdige middagsretter", "category_list": ["Alle varer", "Middager og tilbeh\u00f8r", "Ferdige middagsretter"], "title": "Sunt & Godt Kj\u00f8ttboller i Tomatsaus", "price": 74.9, "product_variant": "med Fullkornpasta, 480 g", "quantity_info": [[480.0, "g"]], "image_url": "/media/uploads/public/393/270/789870-9d55d-product_list.jpg", "unit_price_raw": "kr 156,04 per kg", "product_url": "https://kolonial.no/produkter/27790-sunt-godt-kjottboller-i-tomatsaus-med-fullkornpast/", "kolonial_id": "27790"},
  {"category": "Magasiner", "category_list": ["Alle varer", "Magasiner og b\u00f8ker", "Magasiner"], "title": "Norsk Ukeblad", "price": 53.0, "product_variant": "1 stk", "quantity_info": [[1.0, "stk"]], "image_url": "/media/uploads/public/124/351/505151-e950a-product_list.jpg", "unit_price_raw": "kr 53,00 per stk", "product_url": "https://kolonial.no/produkter/23023-norsk-ukeblad/", "kolonial_id": "23023"},
  {"category": "Porsjonsis", "category_list": ["Alle varer", "Is og desserter", "Porsjonsis"], "title": "Lollipop", "price": 50.9, "product_variant": "10pk, 10 stk", "quantity_info": [[10.0, "pk"], [10.0, "stk"]], "image_url": "/media/uploads/public/0/87/5287-94bdb-product_list.jpg", "unit_price_raw": "kr 5,09 per stk", "product_url": "https://kolonial.no/produkter/3163-diplom-lollipop-10pk/", "kolonial_id": "3163"},
  {"category": "Porsjonsis", "category_list": ["Alle varer", "Is og desserter", "Porsjonsis"], "title": "Pin Up Is", "price": 45.4, "product_variant": "10pk, 10 stk", "quantity_info": [[10.0, "pk"], [10.0, "stk"]], "image_url": "/media/uploads/public/0/90/5290-dd4e4-product_list.jpg", "unit_price_raw": "kr 4,54 per stk", "product_url": "https://kolonial.no/produkter/3160-diplom-pin-10pk/", "kolonial_id": "3160"},
  {"category": "Kaffe", "category_list": ["Alle varer", "Drikkevarer", "Kaffe"], "title": "Coffee-mate Fl\u00f8tepulver", "price": 43.8, "product_variant": "200 g", "quantity_info": [[200.0, "g"]], "image_url": "/media/uploads/public/95/395/965995-c2164-product_list.jpg", "unit_price_raw": "kr 219,00 per kg", "product_url": "https://kolonial.no/produkter/1951-nescafe-coffee-mate-flotepulver/", "kolonial_id": "1951"},
  {"category": "Kaffe", "category_list": ["Alle varer", "Drikkevarer", "Kaffe"], "title": "Natreen Tabletter", "price": 22.3, "product_variant": "500 stk", "quantity_info": [[500.0, "stk"]], "image_url": "/media/uploads/public/257/241/965041-f66ea-product_list.jpg", "unit_price_raw": "kr 0,04 per stk", "product_url": "https://kolonial.no/produkter/6844-natreen-natreen-tabletter-500stk/", "kolonial_id": "6844"},
  {"category": "Dessert", "category_list": ["Alle varer", "Is og desserter", "Dessert"], "title": "Bringeb\u00e6rgele", "price": 20.5, "product_variant": "125 g", "quantity_info": [[125.0, "g"]], "image_url": "/media/uploads/public/133/209/964609-fdbc4-product_list.jpg", "unit_price_raw": "kr 164,00 per kg", "product_url": "https://kolonial.no/produkter/7177-freia-bringebaergele-125g/", "kolonial_id": "7177"},
  {"category": "Alkoholfritt", "category_list": ["Alle varer", "\u00d8l, cider og rusbrus", "Alkoholfritt"], "title": "Munkholm Bayer", "price": 89.9, "product_variant": "6 x 0,33, 1,98 l", "quantity_info": [[6.0, "x"], [0.33, ""], [1.98, "l"]], "image_url": "/media/uploads/public/62/330/861930-720a4-product_list.jpg", "unit_price_raw": "kr 45,40 per l", "product_url": "https://kolonial.no/produkter/27396-munkholm-munkholm-bayer-6-x-033/", "kolonial_id": "27396"},
  {"category": "Spekemat og salami", "category_list": ["Alle varer", "P\u00e5legg", "Spekemat og salami"], "title": "Pepper Snack", "price": 20.5, "product_variant": "40 g", "quantity_info": [[40.0, "g"]], "image_url": "/media/uploads/public/397/288/971888-275ca-product_list.jpg", "unit_price_raw": "kr 512,50 per kg", "product_url": "https://kolonial.no/produkter/24497-grilstad-pepper-snack/", "kolonial_id": "24497"},
  {"category": "Spekemat og salami", "category_list": ["Alle varer", "P\u00e5legg", "Spekemat og salami"], "title": "Taco Snack Mini", "price": 11.2, "product_variant": "20 g", "quantity_info": [[20.0, "g"]], "image_url": "/media/uploads/public/355/42/187642-c9417-product_list.jpg", "unit_price_raw": "kr 560,00 per kg", "product_url": "https://kolonial.no/produkter/25335-grilstad-taco-snack-mini/", "kolonial_id": "25335"},
  {"category": "Melk", "category_list": ["Alle varer", "Melk, meieriprodukter og egg", "Melk"], "title": "Mandeldrikk uten Sukker \u00d8kologisk", "price": 31.6, "product_variant": "1 l", "quantity_info": [[1.0, "l"]], "image_url": "/media/uploads/public/96/164/973364-f88bd-product_list.jpg", "unit_price_raw": "kr 31,60 per l", "product_url": "https://kolonial.no/produkter/27305-naturli-mandeldrikk-uten-sukker-okologisk/", "kolonial_id": "27305"},
  {"category": "Is i boks", "category_list": ["Alle varer", "Is og desserter", "Is i boks"], "title": "Sjokolade-Iskrem", "price": 65.9, "product_variant": "0,5 l", "quantity_info": [[0.5, "l"]], "image_url": "/media/uploads/public/0/70/87670-b2a62-product_list.jpg", "unit_price_raw": "kr 131,80 per l", "product_url": "https://kolonial.no/produkter/19567-kulinaris-sjokolade-iskrem/", "kolonial_id": "19567"},
  {"category": "Is i boks", "category_list": ["Alle varer", "Is og desserter", "Is i boks"], "title": "Cookies & Vanilje-Iskrem", "price": 66.9, "product_variant": "0,5 l", "quantity_info": [[0.5, "l"]], "image_url": "/media/uploads/public/0/73/87673-ba967-product_list.jpg", "unit_price_raw": "kr 133,80 per l", "product_url": "https://kolonial.no/produkter/19570-kulinaris-cookies-vanilje-iskrem/", "kolonial_id": "19570"},
  {"category": "Shampo og h\u00e5rprodukter", "category_list": ["Alle varer", "Shampo, s\u00e5pe og krem", "Shampo og h\u00e5rprodukter"], "title": "R\u00e5 Pleiende Sjampo", "price": 69.9, "product_variant": "250 ml", "quantity_info": [[250.0, "ml"]], "image_url": "/media/uploads/public/85/89/985289-57e17-product_list.jpg", "unit_price_raw": "kr 279,60 per l", "product_url": "https://kolonial.no/produkter/27977-define-ra-pleiende-sjampo/", "kolonial_id": "27977"},
  {"category": "Shampo og h\u00e5rprodukter", "category_list": ["Alle varer", "Shampo, s\u00e5pe og krem", "Shampo og h\u00e5rprodukter"], "title": "R\u00e5 Pleiende Balsam", "price": 69.9, "product_variant": "200 ml", "quantity_info": [[200.0, "ml"]], "image_url": "/media/uploads/public/213/88/985288-4e2fd-product_list.jpg", "unit_price_raw": "kr 349,50 per l", "product_url": "https://kolonial.no/produkter/27976-define-ra-pleiende-balsam/", "kolonial_id": "27976"},
  {"category": "Kosttilskudd", "category_list": ["Alle varer", "Trening", "Kosttilskudd"], "title": "BCAA Orange Mango Kosttilskudd", "price": 299.0, "product_variant": "400 g", "quantity_info": [[400.0, "g"]], "image_url": "/media/uploads/public/212/294/973094-bb267-product_list.jpg", "unit_price_raw": "kr 747,50 per kg", "product_url": "https://kolonial.no/produkter/27082-proteinfabrikken-bcaa-orange-mango-kosttilskudd/", "kolonial_id": "27082"},
  {"category": "Kosttilskudd", "category_list": ["Alle varer", "Trening", "Kosttilskudd"], "title": "Pure Caffeine Kosttilskudd", "price": 200.0, "product_variant": "120 stk", "quantity_info": [[120.0, "stk"]], "image_url": "/media/uploads/public/250/299/973099-61e3a-product_list.jpg", "unit_price_raw": "kr 1,67 per stk", "product_url": "https://kolonial.no/produkter/27090-proteinfabrikken-pure-caffeine-kosttilskudd/", "kolonial_id": "27090"},
  {"category": "S\u00e5pe", "category_list": ["Alle varer", "Shampo, s\u00e5pe og krem", "S\u00e5pe"], "title": "Clear Handsoap, Fresh Lavender", "price": 31.8, "product_variant": "500 ml", "quantity_info": [[500.0, "ml"]], "image_url": "/media/uploads/public/171/95/373295-2645b-product_list.jpg", "unit_price_raw": "kr 63,60 per l", "product_url": "https://kolonial.no/produkter/24300-clear-handsoap-fresh-lavender/", "kolonial_id": "24300"},
  {"category": "Spesial\u00f8l og import", "category_list": ["Alle varer", "\u00d8l, cider og rusbrus", "Spesial\u00f8l og import"], "title": "Oslo Lager", "price": 45.2, "product_variant": "4,7%, 0,33 l", "quantity_info": [[4.7, ""], [0.33, "l"]], "image_url": "/media/uploads/public/154/354/637154-2fe4a-product_list.jpg", "unit_price_raw": "kr 136,97 per l", "product_url": "https://kolonial.no/produkter/23946-oslo-brewing-company-oslo-lager-47/", "kolonial_id": "23946"},
  {"category": "Spesial\u00f8l og import", "category_list": ["Alle varer", "\u00d8l, cider og rusbrus", "Spesial\u00f8l og import"], "title": "Norwegian Blonde", "price": 45.2, "product_variant": "4,7%, 0,33 l", "quantity_info": [[4.7, ""], [0.33, "l"]], "image_url": "/media/uploads/public/223/313/138313-e98d2-product_list.jpg", "unit_price_raw": "kr 136,97 per l", "product_url": "https://kolonial.no/produkter/23945-oslo-brewing-company-norwegian-blonde-47/", "kolonial_id": "23945"},
  {"category": "Boller og lefser", "category_list": ["Alle varer", "Kaker, kjeks og desserter", "Boller og lefser"], "title": "Vestlandslefsa", "price": 53.8, "product_variant": "420 g", "quantity_info": [[420.0, "g"]], "image_url": "/media/uploads/public/0/76/6076-784d7-product_list.jpg", "unit_price_raw": "kr 128,10 per kg", "product_url": "https://kolonial.no/produkter/4114-stabburet-vestlandslefsa-456g/", "kolonial_id": "4114"},
  {"category": "Sm\u00e5kaker", "category_list": ["Alle varer", "Kaker, kjeks og desserter", "Sm\u00e5kaker"], "title": "Mandelkake Suksess", "price": 60.8, "product_variant": "400 g", "quantity_info": [[400.0, "g"]], "image_url": "/media/uploads/public/228/101/188101-15172-product_list.jpg", "unit_price_raw": "kr 152,00 per kg", "product_url": "https://kolonial.no/produkter/25136-god-bakst-mandelkake-suksess/", "kolonial_id": "25136"},
  {"category": "Sm\u00e5kaker", "category_list": ["Alle varer", "Kaker, kjeks og desserter", "Sm\u00e5kaker"], "title": "Gulrotkake", "price": 35.8, "product_variant": "350 g", "quantity_info": [[350.0, "g"]], "image_url": "/media/uploads/public/87/123/969323-4282f-product_list.jpg", "unit_price_raw": "kr 102,29 per kg", "product_url": "https://kolonial.no/produkter/15948-bakeverket-gulrotkake/", "kolonial_id": "15948"},
  {"category": "Kjeks", "category_list": ["Alle varer", "Kaker, kjeks og desserter", "Kjeks"], "title": "Oreo Rull Dobbel", "price": 29.3, "product_variant": "157 g", "quantity_info": [[157.0, "g"]], "image_url": "/media/uploads/public/190/244/964644-5e968-product_list.jpg", "unit_price_raw": "kr 186,62 per kg", "product_url": "https://kolonial.no/produkter/7225-oreo-oreo-rull-dobbel-157g/", "kolonial_id": "7225"},
  {"category": "Kjeks", "category_list": ["Alle varer", "Kaker, kjeks og desserter", "Kjeks"], "title": "Tynne Speltkjeks S\u00e6tres Beste", "price": 33.6, "product_variant": "100 g", "quantity_info": [[100.0, "g"]], "image_url": "/media/uploads/public/287/218/972218-13e54-product_list.jpg", "unit_price_raw": "kr 336,00 per kg", "product_url": "https://kolonial.no/produkter/7168-saetre-tynne-speltkjeks-saetres-beste-100g/", "kolonial_id": "7168"},
  {"category": "\u00d8l", "category_list": ["Alle varer", "\u00d8l, cider og rusbrus", "\u00d8l"], "title": "Tuborg", "price": 154.9, "product_variant": "Boks, 6x0,5l, 3 l", "quantity_info": [[6.0, "x"], [0.5, "l"], [3.0, "l"]], "image_url": "/media/uploads/public/0/235/20635-afedd-product_list.jpg", "unit_price_raw": "kr 51,63 per l", "product_url": "https://kolonial.no/produkter/12547-tuborg-tuborg-boks-6x05l/", "kolonial_id": "12547"},
  {"category": "\u00d8l", "category_list": ["Alle varer", "\u00d8l, cider og rusbrus", "\u00d8l"], "title": "Heineken Fridgdepack", "price": 277.0, "product_variant": "0,33l x 10 stk, 3,3 l", "quantity_info": [[0.33, "lx"], [10.0, "stk"], [3.3, "l"]], "image_url": "/media/uploads/public/293/286/970686-fdba4-product_list.jpg", "unit_price_raw": "kr 83,94 per l", "product_url": "https://kolonial.no/produkter/22108-heineken-heineken-fridgdepack-033l-x-10-stk/", "kolonial_id": "22108"},
  {"category": "Potetchips og snacks", "category_list": ["Alle varer", "Snacks og godteri", "Potetchips og snacks"], "title": "Potetchips Sourcream & Onion", "price": 35.0, "product_variant": "250 g", "quantity_info": [[250.0, "g"]], "image_url": "/media/uploads/public/134/283/972683-3fd3d-product_list.jpg", "unit_price_raw": "kr 140,00 per kg", "product_url": "https://kolonial.no/produkter/25494-kims-potetchips-sourcream-onion/", "kolonial_id": "25494"},
  {"category": "Potetchips og snacks", "category_list": ["Alle varer", "Snacks og godteri", "Potetchips og snacks"], "title": "Snack Chips", "price": 36.0, "product_variant": "180 g", "quantity_info": [[180.0, "g"]], "image_url": "/media/uploads/public/3/148/972148-7290b-product_list.jpg", "unit_price_raw": "kr 200,00 per kg", "product_url": "https://kolonial.no/produkter/25491-kims-snack-chips/", "kolonial_id": "25491"},
  {"category": "Proteinpulver og styrke", "category_list": ["Alle varer", "Trening", "Proteinpulver og styrke"], "title": "Big Mass Jordb\u00e6r", "price": 410.0, "product_variant": "3 kg", "quantity_info": [[3.0, "kg"]], "image_url": "/media/uploads/public/233/202/973002-b49b3-product_list.jpg", "unit_price_raw": "kr 136,67 per kg", "product_url": "https://kolonial.no/produkter/27036-proteinfabrikken-big-mass-jordbaer/", "kolonial_id": "27036"},
  {"category": "Syltet\u00f8y", "category_list": ["Alle varer", "P\u00e5legg", "Syltet\u00f8y"], "title": "Stikkelsb\u00e6rsyltet\u00f8y", "price": 33.9, "product_variant": "200 g", "quantity_info": [[200.0, "g"]], "image_url": "/media/uploads/public/57/217/325017-1df7c-product_list.jpg", "unit_price_raw": "kr 169,50 per kg", "product_url": "https://kolonial.no/produkter/25676-loiten-stikkelsbaersyltetoy/", "kolonial_id": "25676"},
  {"category": "Syltet\u00f8y", "category_list": ["Alle varer", "P\u00e5legg", "Syltet\u00f8y"], "title": "Bj\u00f8rneb\u00e6rsyltet\u00f8y Gourmet", "price": 33.9, "product_variant": "200 g", "quantity_info": [[200.0, "g"]], "image_url": "/media/uploads/public/303/207/325007-9aad3-product_list.jpg", "unit_price_raw": "kr 169,50 per kg", "product_url": "https://kolonial.no/produkter/25677-loiten-bjornebaersyltetoy-gourmet/", "kolonial_id": "25677"},
  {"category": "Ferdigsauser", "category_list": ["Alle varer", "Middager og tilbeh\u00f8r", "Ferdigsauser"], "title": "Jalfrezi Cooking Saus", "price": 35.9, "product_variant": "350 g", "quantity_info": [[350.0, "g"]], "image_url": "/media/uploads/public/344/112/663712-52808-product_list.jpg", "unit_price_raw": "kr 102,57 per kg", "product_url": "https://kolonial.no/produkter/27201-pataks-jalfrezi-cooking-saus/", "kolonial_id": "27201"},
  {"category": "Ferdigsauser", "category_list": ["Alle varer", "Middager og tilbeh\u00f8r", "Ferdigsauser"], "title": "Tikka Masala Cooking Sauce", "price": 38.9, "product_variant": "350 g", "quantity_info": [[350.0, "g"]], "image_url": "/media/uploads/public/31/111/663711-86dfc-product_list.jpg", "unit_price_raw": "kr 111,14 per kg", "product_url": "https://kolonial.no/produkter/27198-pataks-tikka-masala-cooking-sauce/", "kolonial_id": "27198"},
  {"category": "Brus", "category_list": ["Alle varer", "Drikkevarer", "Brus"], "title": "Cola X", "price": 14.3, "product_variant": "0,45 l", "quantity_info": [[0.45, "l"]], "image_url": "/media/uploads/public/7/301/164701-85989-product_list.jpg", "unit_price_raw": "kr 31,78 per l", "product_url": "https://kolonial.no/produkter/24907-grans-bryggeri-cola-x/", "kolonial_id": "24907"},
  {"category": "Brus", "category_list": ["Alle varer", "Drikkevarer", "Brus"], "title": "Siesta", "price": 14.3, "product_variant": "0,45 l", "quantity_info": [[0.45, "l"]], "image_url": "/media/uploads/public/365/300/164700-aacd2-product_list.jpg", "unit_price_raw": "kr 31,78 per l", "product_url": "https://kolonial.no/produkter/24909-grans-bryggeri-siesta/", "kolonial_id": "24909"},
  {"category": "Cider og rusbrus", "category_list": ["Alle varer", "\u00d8l, cider og rusbrus", "Cider og rusbrus"], "title": "Grevens Cider Skogsb\u00e6r", "price": 40.8, "product_variant": "Uten Tilsatt Sukker, 0,5 l", "quantity_info": [[0.5, "l"]], "image_url": "/media/uploads/public/140/274/970674-9ff95-product_list.jpg", "unit_price_raw": "kr 81,60 per l", "product_url": "https://kolonial.no/produkter/22024-grevens-grevens-cider-skogsbaer-uten-tilsatt-sukke/", "kolonial_id": "22024"},
  {"category": "Cider og rusbrus", "category_list": ["Alle varer", "\u00d8l, cider og rusbrus", "Cider og rusbrus"], "title": "Grevens Cider Fruktsmak", "price": 41.5, "product_variant": "Uten Tilsatt Sukker, 0,5 l", "quantity_info": [[0.5, "l"]], "image_url": "/media/uploads/public/234/204/373004-5ae51-product_list.jpg", "unit_price_raw": "kr 83,00 per l", "product_url": "https://kolonial.no/produkter/26042-grevens-grevens-cider-fruktsmak-uten-tilsatt-sukke/", "kolonial_id": "26042"},
  {"category": "Godteri", "category_list": ["Alle varer", "Snacks og godteri", "Godteri"], "title": "Tyrkisk Peber Hot & Sour", "price": 35.9, "product_variant": "120 g", "quantity_info": [[120.0, "g"]], "image_url": "/media/uploads/public/78/362/973162-96643-product_list.jpg", "unit_price_raw": "kr 299,17 per kg", "product_url": "https://kolonial.no/produkter/27233-fazer-tyrkisk-peber-hot-sour/", "kolonial_id": "27233"},
  {"category": "Godteri", "category_list": ["Alle varer", "Snacks og godteri", "Godteri"], "title": "Ahlgrens Biler", "price": 36.2, "product_variant": "Original, 160 g", "quantity_info": [[160.0, "g"]], "image_url": "/media/uploads/public/7/157/972557-ecf33-product_list.jpg", "unit_price_raw": "kr 226,25 per kg", "product_url": "https://kolonial.no/produkter/922-ahlgrens-ahlgrens-biler-original-115g/", "kolonial_id": "922"},
  {"category": "Mel og sukker", "category_list": ["Alle varer", "Mel og bakeingredienser", "Mel og sukker"], "title": "Sukker", "price": 17.9, "product_variant": "1 kg", "quantity_info": [[1.0, "kg"]], "image_url": "/media/uploads/public/334/121/508521-2ed8a-product_list.jpg", "unit_price_raw": "kr 17,90 per kg", "product_url": "https://kolonial.no/produkter/7813-dansukker-sukker-1kg/", "kolonial_id": "7813"},
  {"category": "Sportsdrikke", "category_list": ["Alle varer", "Trening", "Sportsdrikke"], "title": "Fres Guarana Brusetablett", "price": 90.0, "product_variant": "20 stk", "quantity_info": [[20.0, "stk"]], "image_url": "/media/uploads/public/227/359/973159-951ea-product_list.jpg", "unit_price_raw": "kr 4,50 per stk", "product_url": "https://kolonial.no/produkter/27067-proteinfabrikken-fres-guarana-brusetablett/", "kolonial_id": "27067"},
  {"category": "Sportsdrikke", "category_list": ["Alle varer", "Trening", "Sportsdrikke"], "title": "Fres Gr\u00f8nn Te Brusetablett", "price": 90.0, "product_variant": "20 stk", "quantity_info": [[20.0, "stk"]], "image_url": "/media/uploads/public/200/292/973092-2b79c-product_list.jpg", "unit_price_raw": "kr 4,50 per stk", "product_url": "https://kolonial.no/produkter/27068-proteinfabrikken-fres-gronn-te-brusetablett/", "kolonial_id": "27068"},
  {"category": "Legemidler", "category_list": ["Alle varer", "Legemidler og helsekost", "Legemidler"], "title": "Otribaby Saltvann", "price": 76.0, "product_variant": "18 x 5 ml, 18 stk", "quantity_info": [[18.0, "x"], [5.0, "ml"], [18.0, "stk"]], "image_url": "/media/uploads/public/0/280/50680-83107-product_list.jpg", "unit_price_raw": "kr 4,22 per stk", "product_url": "https://kolonial.no/produkter/17362-otrivin-otribaby-saltvann-18-x-5-ml/", "kolonial_id": "17362"},
  {"category": "Sjokolade", "category_list": ["Alle varer", "Snacks og godteri", "Sjokolade"], "title": "Fruktkjerner Bringeb\u00e6r", "price": 45.9, "product_variant": "140 g", "quantity_info": [[140.0, "g"]], "image_url": "/media/uploads/public/331/44/973244-33d4f-product_list.jpg", "unit_price_raw": "kr 327,86 per kg", "product_url": "https://kolonial.no/produkter/27285-vill-fruktkjerner-bringebaer/", "kolonial_id": "27285"},
  {"category": "Toalettpapir og t\u00f8rkerull", "category_list": ["Alle varer", "T\u00f8rkepapir og vaskemidler", "Toalettpapir og t\u00f8rkerull"], "title": "Vaskerull Refill", "price": 64.6, "product_variant": "77 stk", "quantity_info": [[77.0, "stk"]], "image_url": "/media/uploads/public/316/10/972410-e9e1e-product_list.jpg", "unit_price_raw": "kr 0,84 per stk", "product_url": "https://kolonial.no/produkter/13015-jordan-vaskerull-refill-100-stk/", "kolonial_id": "13015"},
  {"category": "Toalettpapir og t\u00f8rkerull", "category_list": ["Alle varer", "T\u00f8rkepapir og vaskemidler", "Toalettpapir og t\u00f8rkerull"], "title": "T\u00f8rkerull", "price": 23.4, "product_variant": "V\u00e5r laveste pris, 4 stk", "quantity_info": [[4.0, "stk"]], "image_url": "/media/uploads/public/359/71/1002471-c1ba5-product_list.jpg", "unit_price_raw": "kr 5,85 per stk", "product_url": "https://kolonial.no/produkter/26377-prima-torkerull/", "kolonial_id": "26377"},
  {"category": "Yoghurt", "category_list": ["Alle varer", "Melk, meieriprodukter og egg", "Yoghurt"], "title": "Yoghurt Tytteb\u00e6r", "price": 35.9, "product_variant": "\u00d8kologisk, 450 g", "quantity_info": [[450.0, "g"]], "image_url": "/media/uploads/public/375/167/973367-db47f-product_list.jpg", "unit_price_raw": "kr 79,78 per kg", "product_url": "https://kolonial.no/produkter/27282-yoghurt-tyttebaer-okologisk/", "kolonial_id": "27282"},
  {"category": "Gr\u00f8nnsaker", "category_list": ["Alle varer", "Frukt og gr\u00f8nt", "Gr\u00f8nnsaker"], "title": "Rotmiks", "price": 50.9, "product_variant": "Beter, Sellerirot & Pastinakk, Tyskland, 1 kg", "quantity_info": [[1.0, "kg"]], "image_url": "/media/uploads/public/96/33/642833-1ec69-product_list.jpg", "unit_price_raw": "kr 50,90 per kg", "product_url": "https://kolonial.no/produkter/23217-rotmiks-beter-sellerirot-pastinakk-tyskland/", "kolonial_id": "23217"},
  {"category": "Ferdige middagsretter", "category_list": ["Alle varer", "Middager og tilbeh\u00f8r", "Ferdige middagsretter"], "title": "Fiskegrateng", "price": 30.0, "product_variant": "m/Potet og Hollandaise, 350 g", "quantity_info": [[350.0, "g"]], "image_url": "/media/uploads/public/194/57/1012857-b3682-product_list.jpg", "unit_price_raw": "kr 85,71 per kg", "product_url": "https://kolonial.no/produkter/28091-grateng-m-fisk-og-holland-035-kg/", "kolonial_id": "28091"},
  {"category": "Magasiner", "category_list": ["Alle varer", "Magasiner og b\u00f8ker", "Magasiner"], "title": "Allers", "price": 51.0, "product_variant": "1 stk", "quantity_info": [[1.0, "stk"]], "image_url": "/media/uploads/public/116/326/323926-b52cd-product_list.jpg", "unit_price_raw": "kr 51,00 per stk", "product_url": "https://kolonial.no/produkter/23086-allers/", "kolonial_id": "23086"},
  {"category": "Magasiner", "category_list": ["Alle varer", "Magasiner og b\u00f8ker", "Magasiner"], "title": "Elle", "price": 89.0, "product_variant": "1 stk", "quantity_info": [[1.0, "stk"]], "image_url": "/media/uploads/public/356/374/699574-1f540-product_list.jpg", "unit_price_raw": "kr 89,00 per stk", "product_url": "https://kolonial.no/produkter/23041-elle/", "kolonial_id": "23041"},
  {"category": "Magasiner", "category_list": ["Alle varer", "Magasiner og b\u00f8ker", "Magasiner"], "title": "KK", "price": 89.0, "product_variant": "1 stk", "quantity_info": [[1.0, "stk"]], "image_url": "/media/uploads/public/397/172/411372-76304-product_list.jpg", "unit_price_raw": "kr 89,00 per stk", "product_url": "https://kolonial.no/produkter/23059-kk/", "kolonial_id": "23059"},
  {"category": "Porsjonsis", "category_list": ["Alle varer", "Is og desserter", "Porsjonsis"], "title": "Krone-Is Sjokolade", "price": 25.0, "product_variant": "6 x 120ml, 720 ml", "quantity_info": [[6.0, "x"], [120.0, "ml"], [720.0, "ml"]], "image_url": "/media/uploads/public/337/310/973510-511a0-product_list.jpg", "unit_price_raw": "kr 34,72 per l", "product_url": "https://kolonial.no/produkter/25120-eventyr-krone-sjokolade-6-x-120ml/", "kolonial_id": "25120"},
  {"category": "Porsjonsis", "category_list": ["Alle varer", "Is og desserter", "Porsjonsis"], "title": "Krone-Is Jordb\u00e6r 6x120ml", "price": 25.0, "product_variant": "6 x 120ml, 720 ml", "quantity_info": [[6.0, "x"], [120.0, "ml"], [720.0, "ml"]], "image_url": "/media/uploads/public/134/326/973526-919ca-product_list.jpg", "unit_price_raw": "kr 34,72 per l", "product_url": "https://kolonial.no/produkter/25119-eventyr-krone-jordbaer-6x120ml-6-x-120ml/", "kolonial_id": "25119"},
  {"category": "Kaffe", "category_list": ["Alle varer", "Drikkevarer", "Kaffe"], "title": "Senseo Classic Liten", "price": 59.9, "product_variant": "36 stk", "quantity_info": [[36.0, "stk"]], "image_url": "/media/uploads/public/323/7/980807-7c60f-product_list.jpg", "unit_price_raw": "kr 1,66 per stk", "product_url": "https://kolonial.no/produkter/27910-friele-senseo-classic-liten/", "kolonial_id": "27910"},
  {"category": "Dessert", "category_list": ["Alle varer", "Is og desserter", "Dessert"], "title": "Jordb\u00e6rgele", "price": 20.5, "product_variant": "125 g", "quantity_info": [[125.0, "g"]], "image_url": "/media/uploads/public/262/202/964602-475a2-product_list.jpg", "unit_price_raw": "kr 164,00 per kg", "product_url": "https://kolonial.no/produkter/7174-freia-jordbaergele-125g/", "kolonial_id": "7174"},
  {"category": "Dessert", "category_list": ["Alle varer", "Is og desserter", "Dessert"], "title": "Sitrongele", "price": 20.5, "product_variant": "125 g", "quantity_info": [[125.0, "g"]], "image_url": "/media/uploads/public/123/234/964634-e2861-product_list.jpg", "unit_price_raw": "kr 164,00 per kg", "product_url": "https://kolonial.no/produkter/7171-freia-sitrongele-125g/", "kolonial_id": "7171"},
  {"category": "Alkoholfritt", "category_list": ["Alle varer", "\u00d8l, cider og rusbrus", "Alkoholfritt"], "title": "Sagene Kj\u00f8repils", "price": 16.9, "product_variant": "0,33 l", "quantity_info": [[0.33, "l"]], "image_url": "/media/uploads/public/64/225/970225-80f0e-product_list.jpg", "unit_price_raw": "kr 51,21 per l", "product_url": "https://kolonial.no/produkter/21103-sagene-pilsner-sagene-kjorepils/", "kolonial_id": "21103"},
  {"category": "Spekemat og salami", "category_list": ["Alle varer", "P\u00e5legg", "Spekemat og salami"], "title": "Chili Snack", "price": 20.5, "product_variant": "40 g", "quantity_info": [[40.0, "g"]], "image_url": "/media/uploads/public/108/6/972006-66935-product_list.jpg", "unit_price_raw": "kr 512,50 per kg", "product_url": "https://kolonial.no/produkter/24499-grilstad-chili-snack/", "kolonial_id": "24499"},
  {"category": "Spekemat og salami", "category_list": ["Alle varer", "P\u00e5legg", "Spekemat og salami"], "title": "Salami fra Felino Speket", "price": 39.0, "product_variant": "60 g", "quantity_info": [[60.0, "g"]], "image_url": "/media/uploads/public/183/345/164745-85fd3-product_list.jpg", "unit_price_raw": "kr 650,00 per kg", "product_url": "https://kolonial.no/produkter/24991-lille-skinkefabrikk-salami-fra-felino-speket/", "kolonial_id": "24991"},
  {"category": "Melk", "category_list": ["Alle varer", "Melk, meieriprodukter og egg", "Melk"], "title": "Protein Sjokolademelk", "price": 28.1, "product_variant": "50% Mindre Sukker, 479 ml", "quantity_info": [[50.0, "MindreSukker"], [479.0, "ml"]], "image_url": "/media/uploads/public/232/65/381665-7e86f-product_list.jpg", "unit_price_raw": "kr 58,66 per l", "product_url": "https://kolonial.no/produkter/26118-arla-protein-sjokolademelk-50-mindre-sukker/", "kolonial_id": "26118"},
  {"category": "Is i boks", "category_list": ["Alle varer", "Is og desserter", "Is i boks"], "title": "Vanilje-Iskrem", "price": 65.1, "product_variant": "0,5 l", "quantity_info": [[0.5, "l"]], "image_url": "/media/uploads/public/0/67/87667-9f3ba-product_list.jpg", "unit_price_raw": "kr 130,20 per l", "product_url": "https://kolonial.no/produkter/19564-kulinaris-vanilje-iskrem/", "kolonial_id": "19564"},
  {"category": "Is i boks", "category_list": ["Alle varer", "Is og desserter", "Is i boks"], "title": "Kaffe Mocca Iskrem", "price": 62.1, "product_variant": "0,5 l", "quantity_info": [[0.5, "l"]], "image_url": "/media/uploads/public/0/82/87682-67db1-product_list.jpg", "unit_price_raw": "kr 124,20 per l", "product_url": "https://kolonial.no/produkter/19585-kulinaris-kaffe-mocca-iskrem/", "kolonial_id": "19585"},
  {"category": "S\u00e5pe", "category_list": ["Alle varer", "Shampo, s\u00e5pe og krem", "S\u00e5pe"], "title": "Clear Handsoap, White Rose", "price": 31.8, "product_variant": "500 ml", "quantity_info": [[500.0, "ml"]], "image_url": "/media/uploads/public/66/94/373294-acaf5-product_list.jpg", "unit_price_raw": "kr 63,60 per l", "product_url": "https://kolonial.no/produkter/24301-clear-handsoap-white-rose/", "kolonial_id": "24301"},
  {"category": "S\u00e5pe", "category_list": ["Alle varer", "Shampo, s\u00e5pe og krem", "S\u00e5pe"], "title": "H\u00e5nds\u00e5pe", "price": 20.5, "product_variant": "300 ml", "quantity_info": [[300.0, "ml"]], "image_url": "/media/uploads/public/45/6/155206-fc680-product_list.jpg", "unit_price_raw": "kr 68,33 per l", "product_url": "https://kolonial.no/produkter/25015-bliw-handsape/", "kolonial_id": "25015"},
  {"category": "Spesial\u00f8l og import", "category_list": ["Alle varer", "\u00d8l, cider og rusbrus", "Spesial\u00f8l og import"], "title": "Mellow IPA", "price": 45.2, "product_variant": "0,33 l", "quantity_info": [[0.33, "l"]], "image_url": "/media/uploads/public/234/125/201725-31754-product_list.jpg", "unit_price_raw": "kr 136,97 per l", "product_url": "https://kolonial.no/produkter/25334-oslo-brewing-company-mellow-ipa/", "kolonial_id": "25334"},
  {"category": "Spesial\u00f8l og import", "category_list": ["Alle varer", "\u00d8l, cider og rusbrus", "Spesial\u00f8l og import"], "title": "Norwegian Brunette", "price": 45.2, "product_variant": "0,33 l", "quantity_info": [[0.33, "l"]], "image_url": "/media/uploads/public/105/1/694801-3eca8-product_list.jpg", "unit_price_raw": "kr 136,97 per l", "product_url": "https://kolonial.no/produkter/27373-oslo-brewing-company-norwegian-brunette/", "kolonial_id": "27373"},
  {"category": "Sm\u00e5kaker", "category_list": ["Alle varer", "Kaker, kjeks og desserter", "Sm\u00e5kaker"], "title": "Bakeverket Smultringer", "price": 39.1, "product_variant": "12 stk, 408 g", "quantity_info": [[12.0, "stk"], [408.0, "g"]], "image_url": "/media/uploads/public/300/375/971575-7a6fe-product_list.jpg", "unit_price_raw": "kr 95,83 per kg", "product_url": "https://kolonial.no/produkter/23895-bakeverket-smultringer-12-stk/", "kolonial_id": "23895"},
  {"category": "Sm\u00e5kaker", "category_list": ["Alle varer", "Kaker, kjeks og desserter", "Sm\u00e5kaker"], "title": "Mini Vannbakkels", "price": 28.8, "product_variant": "20 stk, 250 g", "quantity_info": [[20.0, "stk"], [250.0, "g"]], "image_url": "/media/uploads/public/165/102/188102-a023f-product_list.jpg", "unit_price_raw": "kr 115,20 per kg", "product_url": "https://kolonial.no/produkter/25287-god-bakst-mini-vannbakkels-20-stk/", "kolonial_id": "25287"},
  {"category": "Kjeks", "category_list": ["Alle varer", "Kaker, kjeks og desserter", "Kjeks"], "title": "S\u00e6tres Beste", "price": 60.4, "product_variant": "5 Beste til Ost, 170 g", "quantity_info": [[5.0, "BestetilOst"], [170.0, "g"]], "image_url": "/media/uploads/public/177/50/972050-389b4-product_list.jpg", "unit_price_raw": "kr 355,29 per kg", "product_url": "https://kolonial.no/produkter/51-saetre-saetres-beste-5-beste-til-ost-170g/", "kolonial_id": "51"},
  {"category": "\u00d8l", "category_list": ["Alle varer", "\u00d8l, cider og rusbrus", "\u00d8l"], "title": "Hansa Fat\u00f8l", "price": 190.9, "product_variant": "0,5l x 6 stk, 3 l", "quantity_info": [[0.5, "lx"], [6.0, "stk"], [3.0, "l"]], "image_url": "/media/uploads/public/172/312/973912-cb0de-product_list.jpg", "unit_price_raw": "kr 63,63 per l", "product_url": "https://kolonial.no/produkter/22072-hansa-borg-hansa-fatol-05l-x-6-stk/", "kolonial_id": "22072"},
  {"category": "\u00d8l", "category_list": ["Alle varer", "\u00d8l, cider og rusbrus", "\u00d8l"], "title": "Hansa Pilsner", "price": 172.8, "product_variant": "0,5l x 6 stk, 3 l", "quantity_info": [[0.5, "lx"], [6.0, "stk"], [3.0, "l"]], "image_url": "/media/uploads/public/269/354/973954-cfbff-product_list.jpg", "unit_price_raw": "kr 57,60 per l", "product_url": "https://kolonial.no/produkter/22069-hansa-borg-hansa-pilsner-05l-x-6-stk/", "kolonial_id": "22069"},
  {"category": "Potetchips og snacks", "category_list": ["Alle varer", "Snacks og godteri", "Potetchips og snacks"], "title": "Mexican Fiesta Kims", "price": 19.9, "product_variant": "200 g", "quantity_info": [[200.0, "g"]], "image_url": "/media/uploads/public/101/334/964734-d8f29-product_list.jpg", "unit_price_raw": "kr 99,50 per kg", "product_url": "https://kolonial.no/produkter/1870-kims-mexican-fiesta-kims-200g/", "kolonial_id": "1870"},
  {"category": "Potetchips og snacks", "category_list": ["Alle varer", "Snacks og godteri", "Potetchips og snacks"], "title": "Superchips Paprika", "price": 32.1, "product_variant": "135 g", "quantity_info": [[135.0, "g"]], "image_url": "/media/uploads/public/297/320/972320-41874-product_list.jpg", "unit_price_raw": "kr 237,78 per kg", "product_url": "https://kolonial.no/produkter/8993-maarud-superchips-paprika-135g/", "kolonial_id": "8993"},
  {"category": "Syltet\u00f8y", "category_list": ["Alle varer", "P\u00e5legg", "Syltet\u00f8y"], "title": "Bl\u00e5b\u00e6rsyltet\u00f8y", "price": 33.9, "product_variant": "200 g", "quantity_info": [[200.0, "g"]], "image_url": "/media/uploads/public/351/203/325003-6bca0-product_list.jpg", "unit_price_raw": "kr 169,50 per kg", "product_url": "https://kolonial.no/produkter/25670-loiten-blabaersyltetoy/", "kolonial_id": "25670"},
  {"category": "Syltet\u00f8y", "category_list": ["Alle varer", "P\u00e5legg", "Syltet\u00f8y"], "title": "Eplesyltet\u00f8y", "price": 33.9, "product_variant": "200 g", "quantity_info": [[200.0, "g"]], "image_url": "/media/uploads/public/337/204/325004-bd7ea-product_list.jpg", "unit_price_raw": "kr 169,50 per kg", "product_url": "https://kolonial.no/produkter/25671-loiten-eplesyltetoy/", "kolonial_id": "25671"},
  {"category": "Ferdigsauser", "category_list": ["Alle varer", "Middager og tilbeh\u00f8r", "Ferdigsauser"], "title": "Korma Cooking Saus", "price": 38.9, "product_variant": "350 g", "quantity_info": [[350.0, "g"]], "image_url": "/media/uploads/public/251/108/663708-fb0ce-product_list.jpg", "unit_price_raw": "kr 111,14 per kg", "product_url": "https://kolonial.no/produkter/27199-pataks-korma-cooking-saus/", "kolonial_id": "27199"},
  {"category": "Ferdigsauser", "category_list": ["Alle varer", "Middager og tilbeh\u00f8r", "Ferdigsauser"], "title": "Mild Curry Paste", "price": 33.5, "product_variant": "165 g", "quantity_info": [[165.0, "g"]], "image_url": "/media/uploads/public/0/386/65986-f62b8-product_list.jpg", "unit_price_raw": "kr 203,03 per kg", "product_url": "https://kolonial.no/produkter/18925-pataks-mild-curry-paste/", "kolonial_id": "18925"},
  {"category": "Brus", "category_list": ["Alle varer", "Drikkevarer", "Brus"], "title": "Tropo", "price": 18.2, "product_variant": "0,45 l", "quantity_info": [[0.45, "l"]], "image_url": "/media/uploads/public/80/241/186241-873a7-product_list.jpg", "unit_price_raw": "kr 40,44 per l", "product_url": "https://kolonial.no/produkter/21319-grans-bryggeri-tropo/", "kolonial_id": "21319"},
  {"category": "Brus", "category_list": ["Alle varer", "Drikkevarer", "Brus"], "title": "Aass V\u00f8rter\u00f8l", "price": 87.4, "product_variant": "6x0,33l, 1,98 l", "quantity_info": [[6.0, "x"], [0.33, "l"], [1.98, "l"]], "image_url": "/media/uploads/public/57/176/651376-51b14-product_list.jpg", "unit_price_raw": "kr 44,14 per l", "product_url": "https://kolonial.no/produkter/27098-aass-bryggeri-aass-vorterol-6x033l/", "kolonial_id": "27098"},
  {"category": "Cider og rusbrus", "category_list": ["Alle varer", "\u00d8l, cider og rusbrus", "Cider og rusbrus"], "title": "Bulmers Original Cider", "price": 49.6, "product_variant": "4,5%, 500 ml", "quantity_info": [[4.5, ""], [500.0, "ml"]], "image_url": "/media/uploads/public/162/75/972075-bec97-product_list.jpg", "unit_price_raw": "kr 99,20 per l", "product_url": "https://kolonial.no/produkter/20662-bulmers-original-cider-45-45/", "kolonial_id": "20662"},
  {"category": "Cider og rusbrus", "category_list": ["Alle varer", "\u00d8l, cider og rusbrus", "Cider og rusbrus"], "title": "Somersby Apple Lite Cider", "price": 47.0, "product_variant": "0,5 l", "quantity_info": [[0.5, "l"]], "image_url": "/media/uploads/public/0/369/82369-f6d3c-product_list.jpg", "unit_price_raw": "kr 94,00 per l", "product_url": "https://kolonial.no/produkter/20041-somersby-somersby-apple-lite-cider/", "kolonial_id": "20041"},
  {"category": "Godteri", "category_list": ["Alle varer", "Snacks og godteri", "Godteri"], "title": "Godt & Blandet Supersurt", "price": 45.2, "product_variant": "200 g", "quantity_info": [[200.0, "g"]], "image_url": "/media/uploads/public/365/372/970372-8df79-product_list.jpg", "unit_price_raw": "kr 226,00 per kg", "product_url": "https://kolonial.no/produkter/21409-malaco-godt-blandet-supersurt/", "kolonial_id": "21409"},
  {"category": "Godteri", "category_list": ["Alle varer", "Snacks og godteri", "Godteri"], "title": "Godt & Blandet Supersalt", "price": 50.7, "product_variant": "200 g", "quantity_info": [[200.0, "g"]], "image_url": "/media/uploads/public/141/352/164752-f3398-product_list.jpg", "unit_price_raw": "kr 253,50 per kg", "product_url": "https://kolonial.no/produkter/25277-malaco-godt-blandet-supersalt/", "kolonial_id": "25277"},
  {"category": "Mel og sukker", "category_list": ["Alle varer", "Mel og bakeingredienser", "Mel og sukker"], "title": "Brunt sukker", "price": 17.6, "product_variant": "500 g", "quantity_info": [[500.0, "g"]], "image_url": "/media/uploads/public/369/168/972568-218aa-product_list.jpg", "unit_price_raw": "kr 35,20 per kg", "product_url": "https://kolonial.no/produkter/42-dansukker-brunt-sukker-500g/", "kolonial_id": "42"},
  {"category": "Mel og sukker", "category_list": ["Alle varer", "Mel og bakeingredienser", "Mel og sukker"], "title": "Perlesukker", "price": 18.7, "product_variant": "500 g", "quantity_info": [[500.0, "g"]], "image_url": "/media/uploads/public/16/226/971826-68059-product_list.jpg", "unit_price_raw": "kr 37,40 per kg", "product_url": "https://kolonial.no/produkter/13552-dansukker-perlesukker-500g/", "kolonial_id": "13552"},
  {"category": "Sportsdrikke", "category_list": ["Alle varer", "Trening", "Sportsdrikke"], "title": "Skyr Proteindrikk Bringeb\u00e6r", "price": 22.1, "product_variant": "300 g", "quantity_info": [[300.0, "g"]], "image_url": "/media/uploads/public/378/278/374678-a9d62-product_list.jpg", "unit_price_raw": "kr 73,67 per kg", "product_url": "https://kolonial.no/produkter/26122-q-meieriene-skyr-proteindrikk-bringebaer/", "kolonial_id": "26122"},
  {"category": "Legemidler", "category_list": ["Alle varer", "Legemidler og helsekost", "Legemidler"], "title": "Otrivin Nesespray", "price": 61.9, "product_variant": "0,5mg, 10 ml", "quantity_info": [[0.5, "mg"], [10.0, "ml"]], "image_url": "/media/uploads/public/157/328/1001528-d04cc-product_list.jpg", "unit_price_raw": "kr 6190,00 per l", "product_url": "https://kolonial.no/produkter/613-otrivin-nesespray-05mg/", "kolonial_id": "613"},
  {"category": "Legemidler", "category_list": ["Alle varer", "Legemidler og helsekost", "Legemidler"], "title": "Paracet Mikstur", "price": 61.9, "product_variant": "24mg, 60 ml", "quantity_info": [[24.0, "mg"], [60.0, "ml"]], "image_url": "/media/uploads/public/58/19/968819-9b644-product_list.jpg", "unit_price_raw": "kr 1031,67 per l", "product_url": "https://kolonial.no/produkter/1125-weifa-paracet-mikstur-24mg/", "kolonial_id": "1125"},
  {"category": "Sjokolade", "category_list": ["Alle varer", "Snacks og godteri", "Sjokolade"], "title": "Sm\u00f8rbukk Storplate", "price": 41.5, "product_variant": "155 g", "quantity_info": [[155.0, "g"]], "image_url": "/media/uploads/public/383/234/977034-2240e-product_list.jpg", "unit_price_raw": "kr 267,74 per kg", "product_url": "https://kolonial.no/produkter/16624-nidar-smorbukk-storplate/", "kolonial_id": "16624"},
  {"category": "Toalettpapir og t\u00f8rkerull", "category_list": ["Alle varer", "T\u00f8rkepapir og vaskemidler", "Toalettpapir og t\u00f8rkerull"], "title": "Toalettpapir", "price": 11.4, "product_variant": "V\u00e5r laveste pris, 8 stk", "quantity_info": [[8.0, "stk"]], "image_url": "/media/uploads/public/205/69/1002469-c2dd0-product_list.jpg", "unit_price_raw": "kr 1,43 per stk", "product_url": "https://kolonial.no/produkter/27153-prima-prima-toalettpapir/", "kolonial_id": "27153"},
  {"category": "Yoghurt", "category_list": ["Alle varer", "Melk, meieriprodukter og egg", "Yoghurt"], "title": "Q Skyr Luftig Mango", "price": 16.9, "product_variant": "130 g", "quantity_info": [[130.0, "g"]], "image_url": "/media/uploads/public/339/16/1000816-dfd64-product_list.jpg", "unit_price_raw": "kr 130,00 per kg", "product_url": "https://kolonial.no/produkter/28040-q-meieriene-q-skyr-luftig-mango/", "kolonial_id": "28040"},
  {"category": "Gr\u00f8nnsaker", "category_list": ["Alle varer", "Frukt og gr\u00f8nt", "Gr\u00f8nnsaker"], "title": "R\u00e5kostblanding", "price": 50.9, "product_variant": "Norge, 1 kg", "quantity_info": [[1.0, "kg"]], "image_url": "/media/uploads/public/245/36/642836-a8b1e-product_list.jpg", "unit_price_raw": "kr 50,90 per kg", "product_url": "https://kolonial.no/produkter/19072-rakostblanding/", "kolonial_id": "19072"},
  {"category": "Gr\u00f8nnsaker", "category_list": ["Alle varer", "Frukt og gr\u00f8nt", "Gr\u00f8nnsaker"], "title": "T\u00f8rket Kantarell", "price": 50.9, "product_variant": "Tyskland, 25 g", "quantity_info": [[25.0, "g"]], "image_url": "/media/uploads/public/164/373/560773-634d2-product_list.jpg", "unit_price_raw": "kr 2036,00 per kg", "product_url": "https://kolonial.no/produkter/26411-torket-kantarell-tyskland/", "kolonial_id": "26411"},
  {"category": "Magasiner", "category_list": ["Alle varer", "Magasiner og b\u00f8ker", "Magasiner"], "title": "Costume", "price": 89.9, "product_variant": "1 stk", "quantity_info": [[1.0, "stk"]], "image_url": "/media/uploads/public/279/259/690259-21d19-product_list.jpg", "unit_price_raw": "kr 89,90 per stk", "product_url": "https://kolonial.no/produkter/23068-costume/", "kolonial_id": "23068"},
  {"category": "Magasiner", "category_list": ["Alle varer", "Magasiner og b\u00f8ker", "Magasiner"], "title": "Vi Menn", "price": 69.9, "product_variant": "1 stk", "quantity_info": [[1.0, "stk"]], "image_url": "/media/uploads/public/371/91/504891-f4caa-product_list.jpg", "unit_price_raw": "kr 69,90 per stk", "product_url": "https://kolonial.no/produkter/23080-vi-menn/", "kolonial_id": "23080"},
  {"category": "Porsjonsis", "category_list": ["Alle varer", "Is og desserter", "Porsjonsis"], "title": "B\u00e5t-is Tip Top", "price": 81.3, "product_variant": "6pk, 6 stk", "quantity_info": [[6.0, "pk"], [6.0, "stk"]], "image_url": "/media/uploads/public/0/78/5278-476fd-product_list.jpg", "unit_price_raw": "kr 13,55 per stk", "product_url": "https://kolonial.no/produkter/3172-diplom-bat-tip-top-6pk/", "kolonial_id": "3172"},
  {"category": "Kaffe", "category_list": ["Alle varer", "Drikkevarer", "Kaffe"], "title": "Senseo Strong Liten", "price": 59.9, "product_variant": "36 stk", "quantity_info": [[36.0, "stk"]], "image_url": "/media/uploads/public/61/8/980808-ad36b-product_list.jpg", "unit_price_raw": "kr 1,66 per stk", "product_url": "https://kolonial.no/produkter/27909-friele-senseo-strong-liten/", "kolonial_id": "27909"},
  {"category": "Dessert", "category_list": ["Alle varer", "Is og desserter", "Dessert"], "title": "Appelsingele", "price": 23.8, "product_variant": "125 g", "quantity_info": [[125.0, "g"]], "image_url": "/media/uploads/public/394/211/964611-7ab30-product_list.jpg", "unit_price_raw": "kr 190,40 per kg", "product_url": "https://kolonial.no/produkter/7180-freia-appelsingele/", "kolonial_id": "7180"},
  {"category": "Dessert", "category_list": ["Alle varer", "Is og desserter", "Dessert"], "title": "Bl\u00e5b\u00e6rgel\u00e9", "price": 18.5, "product_variant": "125 g", "quantity_info": [[125.0, "g"]], "image_url": "/media/uploads/public/385/313/367113-98fea-product_list.jpg", "unit_price_raw": "kr 148,00 per kg", "product_url": "https://kolonial.no/produkter/25711-freia-blabaergele/", "kolonial_id": "25711"},
  {"category": "Alkoholfritt", "category_list": ["Alle varer", "\u00d8l, cider og rusbrus", "Alkoholfritt"], "title": "1664 Blanc Alkoholfri", "price": 17.9, "product_variant": "0,33 l", "quantity_info": [[0.33, "l"]], "image_url": "/media/uploads/public/335/90/723690-3ff46-product_list.jpg", "unit_price_raw": "kr 54,24 per l", "product_url": "https://kolonial.no/produkter/27736-kronenbourg-1664-blanc-alkoholfri/", "kolonial_id": "27736"},
  {"category": "Alkoholfritt", "category_list": ["Alle varer", "\u00d8l, cider og rusbrus", "Alkoholfritt"], "title": "FRIPA", "price": 27.9, "product_variant": "Alkoholfri IPA, 0,33 l", "quantity_info": [[0.33, "l"]], "image_url": "/media/uploads/public/245/222/973422-fc33c-product_list.jpg", "unit_price_raw": "kr 84,55 per l", "product_url": "https://kolonial.no/produkter/27375-klokk-co-fripa-alkoholfri-ipa/", "kolonial_id": "27375"},
  {"category": "Spekemat og salami", "category_list": ["Alle varer", "P\u00e5legg", "Spekemat og salami"], "title": "Salami Med Fennikel", "price": 39.0, "product_variant": "60 g", "quantity_info": [[60.0, "g"]], "image_url": "/media/uploads/public/319/379/509179-e47b2-product_list.jpg", "unit_price_raw": "kr 650,00 per kg", "product_url": "https://kolonial.no/produkter/26273-kolonihagen-salami-med-fennikel/", "kolonial_id": "26273"},
  {"category": "Spekemat og salami", "category_list": ["Alle varer", "P\u00e5legg", "Spekemat og salami"], "title": "Salami Toscana Speket", "price": 39.0, "product_variant": "60 g", "quantity_info": [[60.0, "g"]], "image_url": "/media/uploads/public/389/187/324987-87b2d-product_list.jpg", "unit_price_raw": "kr 650,00 per kg", "product_url": "https://kolonial.no/produkter/25637-lille-skinkefabrikk-salami-toscana-speket/", "kolonial_id": "25637"},
  {"category": "Melk", "category_list": ["Alle varer", "Melk, meieriprodukter og egg", "Melk"], "title": "Risdrikk \u00d8kologisk", "price": 23.2, "product_variant": "1 l", "quantity_info": [[1.0, "l"]], "image_url": "/media/uploads/public/133/154/973354-3f795-product_list.jpg", "unit_price_raw": "kr 23,20 per l", "product_url": "https://kolonial.no/produkter/27303-naturli-risdrikk-okologisk/", "kolonial_id": "27303"},
  {"category": "Is i boks", "category_list": ["Alle varer", "Is og desserter", "Is i boks"], "title": "Lakris-Iskrem", "price": 65.1, "product_variant": "0,5 l", "quantity_info": [[0.5, "l"]], "image_url": "/media/uploads/public/0/399/94399-54ab7-product_list.jpg", "unit_price_raw": "kr 130,20 per l", "product_url": "https://kolonial.no/produkter/21703-kulinaris-lakris-iskrem/", "kolonial_id": "21703"},
  {"category": "Is i boks", "category_list": ["Alle varer", "Is og desserter", "Is i boks"], "title": "Brunostiskrem", "price": 67.9, "product_variant": "0,5 l", "quantity_info": [[0.5, "l"]], "image_url": "/media/uploads/public/87/215/142615-b749a-product_list.jpg", "unit_price_raw": "kr 135,80 per l", "product_url": "https://kolonial.no/produkter/23173-kulinaris-brunostiskrem/", "kolonial_id": "23173"},
  {"category": "S\u00e5pe", "category_list": ["Alle varer", "Shampo, s\u00e5pe og krem", "S\u00e5pe"], "title": "H\u00e5nds\u00e5pe Refill", "price": 43.1, "product_variant": "600 ml", "quantity_info": [[600.0, "ml"]], "image_url": "/media/uploads/public/9/3/155203-804c1-product_list.jpg", "unit_price_raw": "kr 71,83 per l", "product_url": "https://kolonial.no/produkter/25012-bliw-handsape-refill/", "kolonial_id": "25012"},
  {"category": "S\u00e5pe", "category_list": ["Alle varer", "Shampo, s\u00e5pe og krem", "S\u00e5pe"], "title": "Lano Parfymefri H\u00e5nds\u00e5pe", "price": 27.1, "product_variant": "300 ml", "quantity_info": [[300.0, "ml"]], "image_url": "/media/uploads/public/219/8/155208-feae8-product_list.jpg", "unit_price_raw": "kr 90,33 per l", "product_url": "https://kolonial.no/produkter/25017-lano-lano-parfymefri-handsape/", "kolonial_id": "25017"},
  {"category": "Spesial\u00f8l og import", "category_list": ["Alle varer", "\u00d8l, cider og rusbrus", "Spesial\u00f8l og import"], "title": "Skogsb\u00e6r Berliner Weisse", "price": 45.2, "product_variant": "0,33 l", "quantity_info": [[0.33, "l"]], "image_url": "/media/uploads/public/299/0/694800-38332-product_list.jpg", "unit_price_raw": "kr 136,97 per l", "product_url": "https://kolonial.no/produkter/27372-oslo-brewing-company-skogsbaer-berliner-weisse/", "kolonial_id": "27372"},
  {"category": "Spesial\u00f8l og import", "category_list": ["Alle varer", "\u00d8l, cider og rusbrus", "Spesial\u00f8l og import"], "title": "Brooklyn Scorcher India Pale Ale", "price": 43.9, "product_variant": "0,36 l", "quantity_info": [[0.36, "l"]], "image_url": "/media/uploads/public/0/95/82495-46ea2-product_list.jpg", "unit_price_raw": "kr 121,94 per l", "product_url": "https://kolonial.no/produkter/20179-brooklyn-brooklyn-scorcher-india-pale-ale/", "kolonial_id": "20179"},
  {"category": "Boller og lefser", "category_list": ["Alle varer", "Kaker, kjeks og desserter", "Boller og lefser"], "title": "Kanelboller Glutenfri", "price": 57.9, "product_variant": "230 g", "quantity_info": [[230.0, "g"]], "image_url": "/media/uploads/public/359/78/1013278-a2185-product_list.jpg", "unit_price_raw": "kr 251,74 per kg", "product_url": "https://kolonial.no/produkter/28054-fria-kanelboller-glutenfri/", "kolonial_id": "28054"},
  {"category": "Sm\u00e5kaker", "category_list": ["Alle varer", "Kaker, kjeks og desserter", "Sm\u00e5kaker"], "title": "Sjokoladekake", "price": 86.5, "product_variant": "1025 g", "quantity_info": [[1025.0, "g"]], "image_url": "/media/uploads/public/248/132/296132-ffee3-product_list.jpg", "unit_price_raw": "kr 84,39 per kg", "product_url": "https://kolonial.no/produkter/25134-god-bakst-sjokoladekake/", "kolonial_id": "25134"},
  {"category": "Sm\u00e5kaker", "category_list": ["Alle varer", "Kaker, kjeks og desserter", "Sm\u00e5kaker"], "title": "Cheese Cake Strawberry", "price": 73.9, "product_variant": "550 g", "quantity_info": [[550.0, "g"]], "image_url": "/media/uploads/public/141/115/964115-4e501-product_list.jpg", "unit_price_raw": "kr 134,36 per kg", "product_url": "https://kolonial.no/produkter/26611-dr-oetker-cheese-cake-strawberry/", "kolonial_id": "26611"},
  {"category": "Kjeks", "category_list": ["Alle varer", "Kaker, kjeks og desserter", "Kjeks"], "title": "S\u00e6tres Beste", "price": 40.0, "product_variant": "Salinas, 200 g", "quantity_info": [[200.0, "g"]], "image_url": "/media/uploads/public/212/362/972362-83694-product_list.jpg", "unit_price_raw": "kr 200,00 per kg", "product_url": "https://kolonial.no/produkter/53-saetre-saetres-beste-salinas-200g/", "kolonial_id": "53"},
  {"category": "\u00d8l", "category_list": ["Alle varer", "\u00d8l, cider og rusbrus", "\u00d8l"], "title": "Frydenlund Fat\u00f8l", "price": 197.6, "product_variant": "Boks, 6x0,5l, 3 l", "quantity_info": [[6.0, "x"], [0.5, "l"], [3.0, "l"]], "image_url": "/media/uploads/public/0/256/20656-2fc1c-product_list.jpg", "unit_price_raw": "kr 65,87 per l", "product_url": "https://kolonial.no/produkter/12553-frydenlund-frydenlund-fatol-boks-6x05l/", "kolonial_id": "12553"},
  {"category": "\u00d8l", "category_list": ["Alle varer", "\u00d8l, cider og rusbrus", "\u00d8l"], "title": "Frydenlund Pilsner", "price": 181.8, "product_variant": "Boks, 6x0,5l, 3 l", "quantity_info": [[6.0, "x"], [0.5, "l"], [3.0, "l"]], "image_url": "/media/uploads/public/0/232/20632-5705b-product_list.jpg", "unit_price_raw": "kr 60,60 per l", "product_url": "https://kolonial.no/produkter/12556-frydenlund-frydenlund-pilsner-boks-6x05l/", "kolonial_id": "12556"},
  {"category": "Potetchips og snacks", "category_list": ["Alle varer", "Snacks og godteri", "Potetchips og snacks"], "title": "Superchips", "price": 28.4, "product_variant": "Salt, 135 g", "quantity_info": [[135.0, "g"]], "image_url": "/media/uploads/public/154/316/972316-9e194-product_list.jpg", "unit_price_raw": "kr 210,37 per kg", "product_url": "https://kolonial.no/produkter/262-maarud-superchips-salt-130g/", "kolonial_id": "262"},
  {"category": "Blandevann", "category_list": ["Alle varer", "\u00d8l, cider og rusbrus", "Blandevann"], "title": "Roses Lime Cordial Mixer", "price": 99.9, "product_variant": "0,57 l", "quantity_info": [[0.57, "l"]], "image_url": "/media/uploads/public/0/327/5527-a6f94-product_list.jpg", "unit_price_raw": "kr 175,26 per l", "product_url": "https://kolonial.no/produkter/7765-roses-roses-lime-cordial-mixer-057l/", "kolonial_id": "7765"},
  {"category": "Syltet\u00f8y", "category_list": ["Alle varer", "P\u00e5legg", "Syltet\u00f8y"], "title": "Rabarbrasyltet\u00f8y Gourmet", "price": 33.9, "product_variant": "200 g", "quantity_info": [[200.0, "g"]], "image_url": "/media/uploads/public/19/208/325008-6ae2c-product_list.jpg", "unit_price_raw": "kr 169,50 per kg", "product_url": "https://kolonial.no/produkter/25680-loiten-rabarbrasyltetoy-gourmet/", "kolonial_id": "25680"},
  {"category": "Ferdigsauser", "category_list": ["Alle varer", "Middager og tilbeh\u00f8r", "Ferdigsauser"], "title": "Paste Tikka Masala", "price": 30.5, "product_variant": "160 g", "quantity_info": [[160.0, "g"]], "image_url": "/media/uploads/public/0/383/65983-b9949-product_list.jpg", "unit_price_raw": "kr 190,63 per kg", "product_url": "https://kolonial.no/produkter/18922-pataks-paste-tikka-masala/", "kolonial_id": "18922"},
  {"category": "Cider og rusbrus", "category_list": ["Alle varer", "\u00d8l, cider og rusbrus", "Cider og rusbrus"], "title": "Somersby Pear Cider", "price": 40.5, "product_variant": "0,5 l", "quantity_info": [[0.5, "l"]], "image_url": "/media/uploads/public/0/244/20644-deb82-product_list.jpg", "unit_price_raw": "kr 81,00 per l", "product_url": "https://kolonial.no/produkter/12571-somersby-somersby-pear-cider/", "kolonial_id": "12571"},
  {"category": "Cider og rusbrus", "category_list": ["Alle varer", "\u00d8l, cider og rusbrus", "Cider og rusbrus"], "title": "Somersby Apple Cider", "price": 39.5, "product_variant": "0,5 l", "quantity_info": [[0.5, "l"]], "image_url": "/media/uploads/public/0/241/20641-d4cb0-product_list.jpg", "unit_price_raw": "kr 79,00 per l", "product_url": "https://kolonial.no/produkter/12568-somersby-somersby-apple-cider/", "kolonial_id": "12568"},
  {"category": "Godteri", "category_list": ["Alle varer", "Snacks og godteri", "Godteri"], "title": "Skipper Lakrisb\u00e5ter", "price": 49.8, "product_variant": "250 g", "quantity_info": [[250.0, "g"]], "image_url": "/media/uploads/public/194/358/969558-bd3d7-product_list.jpg", "unit_price_raw": "kr 199,20 per kg", "product_url": "https://kolonial.no/produkter/18721-skipper-lakrisbater/", "kolonial_id": "18721"},
  {"category": "Mel og sukker", "category_list": ["Alle varer", "Mel og bakeingredienser", "Mel og sukker"], "title": "Sukkerbiter, L\u00f8s Raffinade", "price": 20.6, "product_variant": "500 g", "quantity_info": [[500.0, "g"]], "image_url": "/media/uploads/public/364/381/973981-50c65-product_list.jpg", "unit_price_raw": "kr 41,20 per kg", "product_url": "https://kolonial.no/produkter/6649-dansukker-sukkerbiter-los-raffinade-500g/", "kolonial_id": "6649"},
  {"category": "Mel og sukker", "category_list": ["Alle varer", "Mel og bakeingredienser", "Mel og sukker"], "title": "Grovbakstmel", "price": 16.1, "product_variant": "1 kg", "quantity_info": [[1.0, "kg"]], "image_url": "/media/uploads/public/51/114/965314-e6eb8-product_list.jpg", "unit_price_raw": "kr 16,10 per kg", "product_url": "https://kolonial.no/produkter/1135-mollerens-grovbakstmel/", "kolonial_id": "1135"},
  {"category": "Legemidler", "category_list": ["Alle varer", "Legemidler og helsekost", "Legemidler"], "title": "Paracet Stikkpille", "price": 47.3, "product_variant": "4-18 mnd, 125mg, 10 stk", "quantity_info": [[4.0, ""], [18.0, "mnd"], [125.0, "mg"], [10.0, "stk"]], "image_url": "/media/uploads/public/0/351/21151-dd255-product_list.jpg", "unit_price_raw": "kr 4,73 per stk", "product_url": "https://kolonial.no/produkter/606-weifa-paracet-stikkpille-4-18-mnd-125mg/", "kolonial_id": "606"},
  {"category": "Legemidler", "category_list": ["Alle varer", "Legemidler og helsekost", "Legemidler"], "title": "Paracet Stikkpille", "price": 46.9, "product_variant": "1,5-9 \u00e5r, 250mg, 10 stk", "quantity_info": [[1.5, ""], [9.0, "\u00e5r"], [250.0, "mg"], [10.0, "stk"]], "image_url": "/media/uploads/public/0/354/21154-f9752-product_list.jpg", "unit_price_raw": "kr 4,69 per stk", "product_url": "https://kolonial.no/produkter/607-weifa-paracet-stikkpille-15-9-ar-250mg/", "kolonial_id": "607"},
  {"category": "Sjokolade", "category_list": ["Alle varer", "Snacks og godteri", "Sjokolade"], "title": "Crispo Storplate", "price": 43.8, "product_variant": "150 g", "quantity_info": [[150.0, "g"]], "image_url": "/media/uploads/public/301/232/977032-c5c49-product_list.jpg", "unit_price_raw": "kr 292,00 per kg", "product_url": "https://kolonial.no/produkter/5986-nidar-crispo-storplate-150g/", "kolonial_id": "5986"},
  {"category": "Yoghurt", "category_list": ["Alle varer", "Melk, meieriprodukter og egg", "Yoghurt"], "title": "Go' Morgen ZERO", "price": 16.4, "product_variant": "Vanilje, 190 g", "quantity_info": [[190.0, "g"]], "image_url": "/media/uploads/public/23/250/151850-67efa-product_list.jpg", "unit_price_raw": "kr 86,32 per kg", "product_url": "https://kolonial.no/produkter/24672-tine-go-morgen-zero-vanilje/", "kolonial_id": "24672"},
  {"category": "Yoghurt", "category_list": ["Alle varer", "Melk, meieriprodukter og egg", "Yoghurt"], "title": "Q Frokostyoghurt Jordb\u00e6r", "price": 34.9, "product_variant": "800 g", "quantity_info": [[800.0, "g"]], "image_url": "/media/uploads/public/0/37/188437-45db5-product_list.jpg", "unit_price_raw": "kr 43,63 per kg", "product_url": "https://kolonial.no/produkter/25381-q-meieriene-q-frokostyoghurt-jordbaer/", "kolonial_id": "25381"},
  {"category": "Gr\u00f8nnsaker", "category_list": ["Alle varer", "Frukt og gr\u00f8nt", "Gr\u00f8nnsaker"], "title": "Paprika R\u00f8d, Sm\u00e5", "price": 11.9, "product_variant": "Laveste Pris, Spania, 3 stk", "quantity_info": [[3.0, "stk"]], "image_url": "/media/uploads/public/192/112/641712-f7338-product_list.jpg", "unit_price_raw": "kr 36,06 per kg", "product_url": "https://kolonial.no/produkter/27016-paprika-rod-sma-laveste-pris-spania/", "kolonial_id": "27016"},
  {"category": "Porsjonsis", "category_list": ["Alle varer", "Is og desserter", "Porsjonsis"], "title": "Vaniljestang Pinneis", "price": 49.9, "product_variant": "10 stk", "quantity_info": [[10.0, "stk"]], "image_url": "/media/uploads/public/203/276/973476-40885-product_list.jpg", "unit_price_raw": "kr 4,99 per stk", "product_url": "https://kolonial.no/produkter/27441-diplom-vaniljestang-pinneis/", "kolonial_id": "27441"},
  {"category": "Dessert", "category_list": ["Alle varer", "Is og desserter", "Dessert"], "title": "Piano Vaniljesaus", "price": 42.8, "product_variant": "3pk, 0,75 l", "quantity_info": [[3.0, "pk"], [0.75, "l"]], "image_url": "/media/uploads/public/262/328/967128-1a310-product_list.jpg", "unit_price_raw": "kr 57,07 per l", "product_url": "https://kolonial.no/produkter/8214-tine-piano-vaniljesaus-3pk/", "kolonial_id": "8214"},
  {"category": "Alkoholfritt", "category_list": ["Alle varer", "\u00d8l, cider og rusbrus", "Alkoholfritt"], "title": "Hansa Null %", "price": 19.9, "product_variant": "Alkoholfri, Glutenfri, 0,5 l", "quantity_info": [[0.5, "l"]], "image_url": "/media/uploads/public/67/339/1020739-cbe7e-product_list.jpg", "unit_price_raw": "kr 39,80 per l", "product_url": "https://kolonial.no/produkter/27959-hansa-borg-hansa-null-alkoholfri-glutenfri/", "kolonial_id": "27959"},
  {"category": "Melk", "category_list": ["Alle varer", "Melk, meieriprodukter og egg", "Melk"], "title": "Soyadrikk Calcium & Vanilje \u00d8kologisk", "price": 32.6, "product_variant": "1 l", "quantity_info": [[1.0, "l"]], "image_url": "/media/uploads/public/95/156/973356-f2a2c-product_list.jpg", "unit_price_raw": "kr 32,60 per l", "product_url": "https://kolonial.no/produkter/27306-naturli-soyadrikk-calcium-vanilje-okologisk/", "kolonial_id": "27306"},
  {"category": "Is i boks", "category_list": ["Alle varer", "Is og desserter", "Is i boks"], "title": "Sorbet av Bringeb\u00e6r", "price": 62.1, "product_variant": "0,5 l", "quantity_info": [[0.5, "l"]], "image_url": "/media/uploads/public/0/76/87676-35b81-product_list.jpg", "unit_price_raw": "kr 124,20 per l", "product_url": "https://kolonial.no/produkter/19573-kulinaris-sorbet-av-bringebaer/", "kolonial_id": "19573"},
  {"category": "S\u00e5pe", "category_list": ["Alle varer", "Shampo, s\u00e5pe og krem", "S\u00e5pe"], "title": "Mild H\u00e5nds\u00e5pe", "price": 40.7, "product_variant": "0,3 l", "quantity_info": [[0.3, "l"]], "image_url": "/media/uploads/public/375/150/616950-39ff1-product_list.jpg", "unit_price_raw": "kr 135,67 per l", "product_url": "https://kolonial.no/produkter/26523-dr-greve-mild-handsape/", "kolonial_id": "26523"},
  {"category": "Spesial\u00f8l og import", "category_list": ["Alle varer", "\u00d8l, cider og rusbrus", "Spesial\u00f8l og import"], "title": "Brooklyn American Pale Ale", "price": 43.9, "product_variant": "0,36 l", "quantity_info": [[0.36, "l"]], "image_url": "/media/uploads/public/93/237/128237-1563b-product_list.jpg", "unit_price_raw": "kr 121,94 per l", "product_url": "https://kolonial.no/produkter/20188-brooklyn-brooklyn-american-pale-ale/", "kolonial_id": "20188"},
  {"category": "Boller og lefser", "category_list": ["Alle varer", "Kaker, kjeks og desserter", "Boller og lefser"], "title": "Li-klenning Original", "price": 28.8, "product_variant": "6 stk, 200 g", "quantity_info": [[6.0, "stk"], [200.0, "g"]], "image_url": "/media/uploads/public/282/351/164751-b9eef-product_list.jpg", "unit_price_raw": "kr 144,00 per kg", "product_url": "https://kolonial.no/produkter/25276-lierne-li-klenning-original-6-stk/", "kolonial_id": "25276"},
  {"category": "Sm\u00e5kaker", "category_list": ["Alle varer", "Kaker, kjeks og desserter", "Sm\u00e5kaker"], "title": "Fikenterte", "price": 25.3, "product_variant": "Tilbeh\u00f8r til Ost, 50 g", "quantity_info": [[50.0, "g"]], "image_url": "/media/uploads/public/0/230/64630-e183d-product_list.jpg", "unit_price_raw": "kr 506,00 per kg", "product_url": "https://kolonial.no/produkter/18565-fikenterte-tilbehor-til-ost/", "kolonial_id": "18565"},
  {"category": "Kjeks", "category_list": ["Alle varer", "Kaker, kjeks og desserter", "Kjeks"], "title": "Waterthins Crackers Classic", "price": 39.2, "product_variant": "100 g", "quantity_info": [[100.0, "g"]], "image_url": "/media/uploads/public/0/125/13325-744e3-product_list.jpg", "unit_price_raw": "kr 392,00 per kg", "product_url": "https://kolonial.no/produkter/9872-waterthins-waterthins-crackers-classic-100g/", "kolonial_id": "9872"},
  {"category": "\u00d8l", "category_list": ["Alle varer", "\u00d8l, cider og rusbrus", "\u00d8l"], "title": "Frydenlund Pale Ale", "price": 232.0, "product_variant": "6 x 0,5l, 3 l", "quantity_info": [[6.0, "x"], [0.5, "l"], [3.0, "l"]], "image_url": "/media/uploads/public/0/324/82324-119fd-product_list.jpg", "unit_price_raw": "kr 77,33 per l", "product_url": "https://kolonial.no/produkter/19969-frydenlund-frydenlund-pale-ale-6-x-05l/", "kolonial_id": "19969"},
  {"category": "Potetchips og snacks", "category_list": ["Alle varer", "Snacks og godteri", "Potetchips og snacks"], "title": "Superchips Pepper & Sourcream", "price": 32.8, "product_variant": "135 g", "quantity_info": [[135.0, "g"]], "image_url": "/media/uploads/public/88/270/186270-b26b3-product_list.jpg", "unit_price_raw": "kr 242,96 per kg", "product_url": "https://kolonial.no/produkter/24978-maarud-superchips-pepper-sourcream/", "kolonial_id": "24978"},
  {"category": "Blandevann", "category_list": ["Alle varer", "\u00d8l, cider og rusbrus", "Blandevann"], "title": "Drinkmix Tom Collins", "price": 43.0, "product_variant": "350 ml", "quantity_info": [[350.0, "ml"]], "image_url": "/media/uploads/public/262/398/969598-e12a9-product_list.jpg", "unit_price_raw": "kr 122,86 per l", "product_url": "https://kolonial.no/produkter/18790-grimsoy-drinkmix-tom-collins/", "kolonial_id": "18790"},
  {"category": "Syltet\u00f8y", "category_list": ["Alle varer", "P\u00e5legg", "Syltet\u00f8y"], "title": "Aprikossyltet\u00f8y", "price": 33.9, "product_variant": "200 g", "quantity_info": [[200.0, "g"]], "image_url": "/media/uploads/public/259/309/373909-7171e-product_list.jpg", "unit_price_raw": "kr 169,50 per kg", "product_url": "https://kolonial.no/produkter/25669-aprikossyltetoy-1-stk/", "kolonial_id": "25669"},
  {"category": "Ferdigsauser", "category_list": ["Alle varer", "Middager og tilbeh\u00f8r", "Ferdigsauser"], "title": "Sweet Mango Chutney", "price": 20.9, "product_variant": "210 g", "quantity_info": [[210.0, "g"]], "image_url": "/media/uploads/public/322/110/663710-d2bd1-product_list.jpg", "unit_price_raw": "kr 99,52 per kg", "product_url": "https://kolonial.no/produkter/27202-pataks-sweet-mango-chutney/", "kolonial_id": "27202"},
  {"category": "Cider og rusbrus", "category_list": ["Alle varer", "\u00d8l, cider og rusbrus", "Cider og rusbrus"], "title": "Somersby Blackberry", "price": 39.5, "product_variant": "0,5 l", "quantity_info": [[0.5, "l"]], "image_url": "/media/uploads/public/0/387/82387-2ae84-product_list.jpg", "unit_price_raw": "kr 79,00 per l", "product_url": "https://kolonial.no/produkter/20026-somersby-somersby-blackberry/", "kolonial_id": "20026"},
  {"category": "Godteri", "category_list": ["Alle varer", "Snacks og godteri", "Godteri"], "title": "Stjernemix", "price": 60.9, "product_variant": "300 g", "quantity_info": [[300.0, "g"]], "image_url": "/media/uploads/public/310/143/973343-91d44-product_list.jpg", "unit_price_raw": "kr 203,00 per kg", "product_url": "https://kolonial.no/produkter/5878-haribo-stjernemix-170g/", "kolonial_id": "5878"},
  {"category": "Mel og sukker", "category_list": ["Alle varer", "Mel og bakeingredienser", "Mel og sukker"], "title": "Sammalt Rug Grovmalt", "price": 11.8, "product_variant": "1 kg", "quantity_info": [[1.0, "kg"]], "image_url": "/media/uploads/public/194/126/965326-93481-product_list.jpg", "unit_price_raw": "kr 11,80 per kg", "product_url": "https://kolonial.no/produkter/6433-mollerens-sammalt-rug-grovmalt-1kg/", "kolonial_id": "6433"},
  {"category": "Sportsdrikke", "category_list": ["Alle varer", "Trening", "Sportsdrikke"], "title": "BCAA Ginger Lemon Drikk", "price": 32.9, "product_variant": "0,33 l", "quantity_info": [[0.33, "l"]], "image_url": "/media/uploads/public/279/129/722929-b0079-product_list.jpg", "unit_price_raw": "kr 99,70 per l", "product_url": "https://kolonial.no/produkter/27726-maxim-bcaa-ginger-lemon-drikk/", "kolonial_id": "27726"},
  {"category": "Legemidler", "category_list": ["Alle varer", "Legemidler og helsekost", "Legemidler"], "title": "Zyrtec Allergitabletter", "price": 185.4, "product_variant": "10mg, 21 stk", "quantity_info": [[10.0, "mg"], [21.0, "stk"]], "image_url": "/media/uploads/public/288/229/967029-8357a-product_list.jpg", "unit_price_raw": "kr 8,83 per stk", "product_url": "https://kolonial.no/produkter/605-zyrtec-allergitabletter-10mg/", "kolonial_id": "605"},
  {"category": "Legemidler", "category_list": ["Alle varer", "Legemidler og helsekost", "Legemidler"], "title": "Smertestillende Tabletter", "price": 37.0, "product_variant": "20stk, 500mg, 20 stk", "quantity_info": [[20.0, "stk"], [500.0, "mg"], [20.0, "stk"]], "image_url": "/media/uploads/public/346/339/1001539-e0481-product_list.jpg", "unit_price_raw": "kr 1,85 per stk", "product_url": "https://kolonial.no/produkter/3769-panodil-smertestillende-tabletter-20stk-500mg/", "kolonial_id": "3769"},
  {"category": "Sjokolade", "category_list": ["Alle varer", "Snacks og godteri", "Sjokolade"], "title": "Melkesjokolade", "price": 38.3, "product_variant": "180 g", "quantity_info": [[180.0, "g"]], "image_url": "/media/uploads/public/16/236/977036-23a91-product_list.jpg", "unit_price_raw": "kr 212,78 per kg", "product_url": "https://kolonial.no/produkter/18703-nidar-melkesjokolade/", "kolonial_id": "18703"},
  {"category": "Sjokolade", "category_list": ["Alle varer", "Snacks og godteri", "Sjokolade"], "title": "Daim Melkesjokolade", "price": 43.1, "product_variant": "200 g", "quantity_info": [[200.0, "g"]], "image_url": "/media/uploads/public/317/162/964562-324df-product_list.jpg", "unit_price_raw": "kr 215,50 per kg", "product_url": "https://kolonial.no/produkter/287-freia-daim-melkesjokolade/", "kolonial_id": "287"},
  {"category": "Gr\u00f8nnsaker", "category_list": ["Alle varer", "Frukt og gr\u00f8nt", "Gr\u00f8nnsaker"], "title": "Tomater", "price": 14.95, "product_variant": "Lavest Pris, Holland, 500 g", "quantity_info": [[500.0, "g"]], "image_url": "/media/uploads/public/396/4/998804-81bd3-product_list.jpg", "unit_price_raw": "kr 29,90 per kg", "product_url": "https://kolonial.no/produkter/24541-tomater-lavest-pris-Holland/", "kolonial_id": "24541"},
  {"category": "Gr\u00f8nnsaker", "category_list": ["Alle varer", "Frukt og gr\u00f8nt", "Gr\u00f8nnsaker"], "title": "Agurk v\u00e5r laveste pris", "price": 19.9, "product_variant": "Norge, 1 stk", "quantity_info": [[1.0, "stk"]], "image_url": "/media/uploads/public/367/259/639459-4318f-product_list.jpg", "unit_price_raw": "kr 68,62 per kg", "product_url": "https://kolonial.no/produkter/26941-agurk-var-laveste-pris-norge/", "kolonial_id": "26941"},
  {"category": "Porsjonsis", "category_list": ["Alle varer", "Is og desserter", "Porsjonsis"], "title": "Is Fest Mix Multipk", "price": 36.0, "product_variant": "10 stk, 620 g", "quantity_info": [[10.0, "stk"], [620.0, "g"]], "image_url": "/media/uploads/public/140/93/188093-1be66-product_list.jpg", "unit_price_raw": "kr 58,06 per kg", "product_url": "https://kolonial.no/produkter/25117-eventyr-fest-mix-multipk-10-stk/", "kolonial_id": "25117"},
  {"category": "Dessert", "category_list": ["Alle varer", "Is og desserter", "Dessert"], "title": "Kiwigel\u00e9", "price": 26.8, "product_variant": "125 g", "quantity_info": [[125.0, "g"]], "image_url": "/media/uploads/public/150/311/367111-d1594-product_list.jpg", "unit_price_raw": "kr 214,40 per kg", "product_url": "https://kolonial.no/produkter/25710-freia-kiwigele/", "kolonial_id": "25710"},
  {"category": "Dessert", "category_list": ["Alle varer", "Is og desserter", "Dessert"], "title": "Pasjonsfruktgel\u00e9", "price": 16.9, "product_variant": "125 g", "quantity_info": [[125.0, "g"]], "image_url": "/media/uploads/public/368/312/367112-9cfc1-product_list.jpg", "unit_price_raw": "kr 135,20 per kg", "product_url": "https://kolonial.no/produkter/25712-pasjonsfruktgele-125g-1-stk/", "kolonial_id": "25712"},
  {"category": "Alkoholfritt", "category_list": ["Alle varer", "\u00d8l, cider og rusbrus", "Alkoholfritt"], "title": "Estrella Damm", "price": 22.6, "product_variant": "Alkoholfri, 0,33 l", "quantity_info": [[0.33, "l"]], "image_url": "/media/uploads/public/0/331/17131-e51fb-product_list.jpg", "unit_price_raw": "kr 68,48 per l", "product_url": "https://kolonial.no/produkter/10115-estrella-damm-alkoholfri-033l/", "kolonial_id": "10115"},
  {"category": "Alkoholfritt", "category_list": ["Alle varer", "\u00d8l, cider og rusbrus", "Alkoholfritt"], "title": "Somersby Apple Alkoholfri", "price": 21.0, "product_variant": "0,33 l", "quantity_info": [[0.33, "l"]], "image_url": "/media/uploads/public/194/95/723695-58450-product_list.jpg", "unit_price_raw": "kr 63,64 per l", "product_url": "https://kolonial.no/produkter/27745-somersby-somersby-apple-alkoholfri/", "kolonial_id": "27745"},
  {"category": "Melk", "category_list": ["Alle varer", "Melk, meieriprodukter og egg", "Melk"], "title": "Soyadrikk uten Sukker \u00d8kologisk", "price": 27.6, "product_variant": "1 l", "quantity_info": [[1.0, "l"]], "image_url": "/media/uploads/public/300/159/973359-12323-product_list.jpg", "unit_price_raw": "kr 27,60 per l", "product_url": "https://kolonial.no/produkter/27307-naturli-soyadrikk-uten-sukker-okologisk/", "kolonial_id": "27307"},
  {"category": "Is i boks", "category_list": ["Alle varer", "Is og desserter", "Is i boks"], "title": "Sorbet av Jordb\u00e6r", "price": 62.1, "product_variant": "0,5 l", "quantity_info": [[0.5, "l"]], "image_url": "/media/uploads/public/0/88/87688-4a0a5-product_list.jpg", "unit_price_raw": "kr 124,20 per l", "product_url": "https://kolonial.no/produkter/19588-kulinaris-sorbet-av-jordbaer/", "kolonial_id": "19588"},
  {"category": "Is i boks", "category_list": ["Alle varer", "Is og desserter", "Is i boks"], "title": "Sorbet av Sitron", "price": 65.7, "product_variant": "0,5 l", "quantity_info": [[0.5, "l"]], "image_url": "/media/uploads/public/0/85/87685-23a7c-product_list.jpg", "unit_price_raw": "kr 131,40 per l", "product_url": "https://kolonial.no/produkter/19591-kulinaris-sorbet-av-sitron/", "kolonial_id": "19591"},
  {"category": "S\u00e5pe", "category_list": ["Alle varer", "Shampo, s\u00e5pe og krem", "S\u00e5pe"], "title": "Dove Cream Wash", "price": 37.0, "product_variant": "250 ml", "quantity_info": [[250.0, "ml"]], "image_url": "/media/uploads/public/297/46/969646-1ae2b-product_list.jpg", "unit_price_raw": "kr 148,00 per l", "product_url": "https://kolonial.no/produkter/18889-dove-dove-cream-wash/", "kolonial_id": "18889"},
  {"category": "S\u00e5pe", "category_list": ["Alle varer", "Shampo, s\u00e5pe og krem", "S\u00e5pe"], "title": "H\u00e5nds\u00e5pe", "price": 41.0, "product_variant": "500 ml", "quantity_info": [[500.0, "ml"]], "image_url": "/media/uploads/public/64/315/971115-4e290-product_list.jpg", "unit_price_raw": "kr 82,00 per l", "product_url": "https://kolonial.no/produkter/23647-organic-circle-handsape/", "kolonial_id": "23647"},
  {"category": "Spesial\u00f8l og import", "category_list": ["Alle varer", "\u00d8l, cider og rusbrus", "Spesial\u00f8l og import"], "title": "IPA", "price": 49.4, "product_variant": "4,5%, 0,33 l", "quantity_info": [[4.5, ""], [0.33, "l"]], "image_url": "/media/uploads/public/26/50/411250-4f1d1-product_list.jpg", "unit_price_raw": "kr 149,70 per l", "product_url": "https://kolonial.no/produkter/25328-klokk-co-ipa-45/", "kolonial_id": "25328"},
  {"category": "Spesial\u00f8l og import", "category_list": ["Alle varer", "\u00d8l, cider og rusbrus", "Spesial\u00f8l og import"], "title": "Lys", "price": 49.4, "product_variant": "4,5%, 0,33 l", "quantity_info": [[4.5, ""], [0.33, "l"]], "image_url": "/media/uploads/public/2/49/411249-cb077-product_list.jpg", "unit_price_raw": "kr 149,70 per l", "product_url": "https://kolonial.no/produkter/25327-klokk-co-lys-45/", "kolonial_id": "25327"},
  {"category": "Boller og lefser", "category_list": ["Alle varer", "Kaker, kjeks og desserter", "Boller og lefser"], "title": "Vestlandslefsa Lefsesnack", "price": 14.3, "product_variant": "70 g", "quantity_info": [[70.0, "g"]], "image_url": "/media/uploads/public/54/66/188066-9db5a-product_list.jpg", "unit_price_raw": "kr 204,29 per kg", "product_url": "https://kolonial.no/produkter/25351-stabburet-vestlandslefsa-lefsesnack/", "kolonial_id": "25351"},
  {"category": "Sm\u00e5kaker", "category_list": ["Alle varer", "Kaker, kjeks og desserter", "Sm\u00e5kaker"], "title": "Pean\u00f8tt & karamell kake 420g", "price": 67.2, "product_variant": "420 g", "quantity_info": [[420.0, "g"]], "image_url": "/media/uploads/public/145/131/296131-5db26-product_list.jpg", "unit_price_raw": "kr 160,00 per kg", "product_url": "https://kolonial.no/produkter/25135-god-bakst-peanott-karamell-kake-420g/", "kolonial_id": "25135"},
  {"category": "Sm\u00e5kaker", "category_list": ["Alle varer", "Kaker, kjeks og desserter", "Sm\u00e5kaker"], "title": "Kransekake", "price": 74.9, "product_variant": "18 ringer, 900 g", "quantity_info": [[18.0, "ringer"], [900.0, "g"]], "image_url": "/media/uploads/public/184/374/369574-5409a-product_list.jpg", "unit_price_raw": "kr 83,22 per kg", "product_url": "https://kolonial.no/produkter/25817-kransekake-18-ringer/", "kolonial_id": "25817"},
  {"category": "Kjeks", "category_list": ["Alle varer", "Kaker, kjeks og desserter", "Kjeks"], "title": "Cookieglede Sjokofyll", "price": 42.1, "product_variant": "182 g", "quantity_info": [[182.0, "g"]], "image_url": "/media/uploads/public/147/19/968019-40596-product_list.jpg", "unit_price_raw": "kr 231,32 per kg", "product_url": "https://kolonial.no/produkter/12520-freia-cookieglede-sjokofyll-182g/", "kolonial_id": "12520"},
  {"category": "\u00d8l", "category_list": ["Alle varer", "\u00d8l, cider og rusbrus", "\u00d8l"], "title": "Aass Fat\u00f8l", "price": 155.4, "product_variant": "6x0,33 liter, 1,98 l", "quantity_info": [[6.0, "x"], [0.33, "liter"], [1.98, "l"]], "image_url": "/media/uploads/public/47/384/973984-9863b-product_list.jpg", "unit_price_raw": "kr 78,48 per l", "product_url": "https://kolonial.no/produkter/13240-aass-bryggeri-aass-fatol-6x033-liter/", "kolonial_id": "13240"},
  {"category": "\u00d8l", "category_list": ["Alle varer", "\u00d8l, cider og rusbrus", "\u00d8l"], "title": "Aass Pilsner", "price": 173.5, "product_variant": "6x0,5 liter, 3 l", "quantity_info": [[6.0, "x"], [0.5, "liter"], [3.0, "l"]], "image_url": "/media/uploads/public/326/241/973841-f0cac-product_list.jpg", "unit_price_raw": "kr 57,83 per l", "product_url": "https://kolonial.no/produkter/13243-aass-bryggeri-aass-pilsner-6x05-liter/", "kolonial_id": "13243"},
  {"category": "Potetchips og snacks", "category_list": ["Alle varer", "Snacks og godteri", "Potetchips og snacks"], "title": "Potetgull Classic Salt", "price": 30.5, "product_variant": "280 g", "quantity_info": [[280.0, "g"]], "image_url": "/media/uploads/public/68/26/972426-7ecdf-product_list.jpg", "unit_price_raw": "kr 108,93 per kg", "product_url": "https://kolonial.no/produkter/10037-maarud-potetgull-classic-salt-275g/", "kolonial_id": "10037"},
  {"category": "Potetchips og snacks", "category_list": ["Alle varer", "Snacks og godteri", "Potetchips og snacks"], "title": "Potetgull Ost & L\u00f8k", "price": 26.9, "product_variant": "200 g", "quantity_info": [[200.0, "g"]], "image_url": "/media/uploads/public/37/249/973849-9e815-product_list.jpg", "unit_price_raw": "kr 134,50 per kg", "product_url": "https://kolonial.no/produkter/27673-maarud-potetgull-ost-lok/", "kolonial_id": "27673"},
  {"category": "Blandevann", "category_list": ["Alle varer", "\u00d8l, cider og rusbrus", "Blandevann"], "title": "Drinkmix San Fransisco", "price": 43.0, "product_variant": "350 ml", "quantity_info": [[350.0, "ml"]], "image_url": "/media/uploads/public/66/390/969590-54585-product_list.jpg", "unit_price_raw": "kr 122,86 per l", "product_url": "https://kolonial.no/produkter/18781-grimsoy-drinkmix-san-fransisco/", "kolonial_id": "18781"},
  {"category": "Syltet\u00f8y", "category_list": ["Alle varer", "P\u00e5legg", "Syltet\u00f8y"], "title": "Appelsinmarmelade med Skall", "price": 33.9, "product_variant": "Engelsk Type, 200 g", "quantity_info": [[200.0, "g"]], "image_url": "/media/uploads/public/206/308/373908-b0d57-product_list.jpg", "unit_price_raw": "kr 169,50 per kg", "product_url": "https://kolonial.no/produkter/25667-loiten-appelsinmarmelade-med-skall-engelsk-type/", "kolonial_id": "25667"},
  {"category": "Syltet\u00f8y", "category_list": ["Alle varer", "P\u00e5legg", "Syltet\u00f8y"], "title": "Eplegele", "price": 33.9, "product_variant": "200 g", "quantity_info": [[200.0, "g"]], "image_url": "/media/uploads/public/73/316/373916-93614-product_list.jpg", "unit_price_raw": "kr 169,50 per kg", "product_url": "https://kolonial.no/produkter/25664-loiten-eplegele/", "kolonial_id": "25664"},
  {"category": "Ferdigsauser", "category_list": ["Alle varer", "Middager og tilbeh\u00f8r", "Ferdigsauser"], "title": "Barbecue Sauce", "price": 33.9, "product_variant": "220 ml", "quantity_info": [[220.0, "ml"]], "image_url": "/media/uploads/public/226/0/1015200-67b55-product_list.jpg", "unit_price_raw": "kr 154,09 per l", "product_url": "https://kolonial.no/produkter/10948-heinz-barbecue-sauce-220ml/", "kolonial_id": "10948"},
  {"category": "Cider og rusbrus", "category_list": ["Alle varer", "\u00d8l, cider og rusbrus", "Cider og rusbrus"], "title": "Somersby Elderflower Lime", "price": 47.0, "product_variant": "0,5 l", "quantity_info": [[0.5, "l"]], "image_url": "/media/uploads/public/0/363/82363-dd49e-product_list.jpg", "unit_price_raw": "kr 94,00 per l", "product_url": "https://kolonial.no/produkter/20047-somersby-somersby-elderflower-lime/", "kolonial_id": "20047"},
  {"category": "Godteri", "category_list": ["Alle varer", "Snacks og godteri", "Godteri"], "title": "Panda Lakris", "price": 36.1, "product_variant": "200 g", "quantity_info": [[200.0, "g"]], "image_url": "/media/uploads/public/358/67/969667-272f8-product_list.jpg", "unit_price_raw": "kr 180,50 per kg", "product_url": "https://kolonial.no/produkter/18718-panda-lakris/", "kolonial_id": "18718"},
  {"category": "Legemidler", "category_list": ["Alle varer", "Legemidler og helsekost", "Legemidler"], "title": "Tussin Hostemikstur", "price": 58.1, "product_variant": "100 ml", "quantity_info": [[100.0, "ml"]], "image_url": "/media/uploads/public/77/21/968821-43340-product_list.jpg", "unit_price_raw": "kr 581,00 per l", "product_url": "https://kolonial.no/produkter/616-weifa-tussin-hostemikstur-100ml/", "kolonial_id": "616"},
  {"category": "Legemidler", "category_list": ["Alle varer", "Legemidler og helsekost", "Legemidler"], "title": "Imodium Tabletter", "price": 103.0, "product_variant": "2mg, 16 stk", "quantity_info": [[2.0, "mg"], [16.0, "stk"]], "image_url": "/media/uploads/public/353/209/967009-30d7e-product_list.jpg", "unit_price_raw": "kr 6,44 per stk", "product_url": "https://kolonial.no/produkter/15525-imodium-tabletter-2mg/", "kolonial_id": "15525"},
  {"category": "Sjokolade", "category_list": ["Alle varer", "Snacks og godteri", "Sjokolade"], "title": "Walters Mandler", "price": 43.1, "product_variant": "200 g", "quantity_info": [[200.0, "g"]], "image_url": "/media/uploads/public/284/198/964598-e2e98-product_list.jpg", "unit_price_raw": "kr 215,50 per kg", "product_url": "https://kolonial.no/produkter/279-freia-walters-mandler/", "kolonial_id": "279"},
  {"category": "Sjokolade", "category_list": ["Alle varer", "Snacks og godteri", "Sjokolade"], "title": "Firkl\u00f8ver", "price": 32.7, "product_variant": "200 g", "quantity_info": [[200.0, "g"]], "image_url": "/media/uploads/public/93/63/987663-2941a-product_list.jpg", "unit_price_raw": "kr 163,50 per kg", "product_url": "https://kolonial.no/produkter/293-freia-firklover/", "kolonial_id": "293"},
  {"category": "M\u00e5ltidserstatter", "category_list": ["Alle varer", "Trening", "M\u00e5ltidserstatter"], "title": "YT Proteinrik", "price": 21.9, "product_variant": "Mangopudding, 190 g", "quantity_info": [[190.0, "g"]], "image_url": "/media/uploads/public/161/398/1012398-ce19f-product_list.jpg", "unit_price_raw": "kr 115,26 per kg", "product_url": "https://kolonial.no/produkter/28080-tine-yt-proteinrik-mangopudding/", "kolonial_id": "28080"},
  {"category": "M\u00e5ltidserstatter", "category_list": ["Alle varer", "Trening", "M\u00e5ltidserstatter"], "title": "YT proteinrik", "price": 20.9, "product_variant": "Sjokopudding, 190 g", "quantity_info": [[190.0, "g"]], "image_url": "/media/uploads/public/0/396/1012396-7939d-product_list.jpg", "unit_price_raw": "kr 110,00 per kg", "product_url": "https://kolonial.no/produkter/28078-tine-yt-proteinrik-sjokopudding/", "kolonial_id": "28078"},
  {"category": "Yoghurt", "category_list": ["Alle varer", "Melk, meieriprodukter og egg", "Yoghurt"], "title": "Yoghurt Naturell", "price": 29.0, "product_variant": "Gresk Inspirert, \u00d8kologisk, 400 g", "quantity_info": [[400.0, "g"]], "image_url": "/media/uploads/public/152/255/704655-63f52-product_list.jpg", "unit_price_raw": "kr 72,50 per kg", "product_url": "https://kolonial.no/produkter/27513-kolonihagen-yoghurt-naturell-gresk-inspirert-okolo/", "kolonial_id": "27513"},
  {"category": "Yoghurt", "category_list": ["Alle varer", "Melk, meieriprodukter og egg", "Yoghurt"], "title": "Q Skyr Luftig Bringeb\u00e6r", "price": 16.9, "product_variant": "130 g", "quantity_info": [[130.0, "g"]], "image_url": "/media/uploads/public/198/13/1000813-726d5-product_list.jpg", "unit_price_raw": "kr 130,00 per kg", "product_url": "https://kolonial.no/produkter/28039-q-meieriene-q-skyr-luftig-bringebaer/", "kolonial_id": "28039"},
  {"category": "Gr\u00f8nnsaker", "category_list": ["Alle varer", "Frukt og gr\u00f8nt", "Gr\u00f8nnsaker"], "title": "Gr\u00f8nn Paprika", "price": 28.9, "product_variant": "Holland, 2 stk", "quantity_info": [[2.0, "stk"]], "image_url": "/media/uploads/public/133/151/728551-71bbc-product_list.jpg", "unit_price_raw": "kr 55,58 per kg", "product_url": "https://kolonial.no/produkter/27768-gronn-paprika-holland/", "kolonial_id": "27768"},
  {"category": "Gr\u00f8nnsaker", "category_list": ["Alle varer", "Frukt og gr\u00f8nt", "Gr\u00f8nnsaker"], "title": "Gul Paprika", "price": 32.9, "product_variant": "Holland, 2 stk", "quantity_info": [[2.0, "stk"]], "image_url": "/media/uploads/public/140/153/728553-73198-product_list.jpg", "unit_price_raw": "kr 63,27 per kg", "product_url": "https://kolonial.no/produkter/27770-gul-paprika-holland/", "kolonial_id": "27770"},
  {"category": "Porsjonsis", "category_list": ["Alle varer", "Is og desserter", "Porsjonsis"], "title": "Monstermat Vannis", "price": 14.9, "product_variant": "9 x 60ml, 540 ml", "quantity_info": [[9.0, "x"], [60.0, "ml"], [540.0, "ml"]], "image_url": "/media/uploads/public/336/190/973790-d8de2-product_list.jpg", "unit_price_raw": "kr 27,59 per l", "product_url": "https://kolonial.no/produkter/17050-monstermat-vannis-9-x-60ml/", "kolonial_id": "17050"},
  {"category": "Dessert", "category_list": ["Alle varer", "Is og desserter", "Dessert"], "title": "Piano Fyldig Vaniljesaus", "price": 40.6, "product_variant": "0,5 l", "quantity_info": [[0.5, "l"]], "image_url": "/media/uploads/public/93/326/967526-143e8-product_list.jpg", "unit_price_raw": "kr 81,20 per l", "product_url": "https://kolonial.no/produkter/12322-tine-piano-fyldig-vaniljesaus-05l/", "kolonial_id": "12322"},
  {"category": "Alkoholfritt", "category_list": ["Alle varer", "\u00d8l, cider og rusbrus", "Alkoholfritt"], "title": "Clausthaler Pale Lager", "price": 13.9, "product_variant": "0,33 l", "quantity_info": [[0.33, "l"]], "image_url": "/media/uploads/public/360/59/990059-b3d08-product_list.jpg", "unit_price_raw": "kr 42,12 per l", "product_url": "https://kolonial.no/produkter/22000-clausthaler-clausthaler-pale-lager/", "kolonial_id": "22000"},
  {"category": "Melk", "category_list": ["Alle varer", "Melk, meieriprodukter og egg", "Melk"], "title": "Styrk Syrnet Melk Bl\u00e5b\u00e6r", "price": 42.5, "product_variant": "Fettfri, 1000 g", "quantity_info": [[1000.0, "g"]], "image_url": "/media/uploads/public/87/88/972888-181bb-product_list.jpg", "unit_price_raw": "kr 42,50 per stk", "product_url": "https://kolonial.no/produkter/26841-tine-styrk-syrnet-melk-blabaer-fettfri/", "kolonial_id": "26841"},
  {"category": "Melk", "category_list": ["Alle varer", "Melk, meieriprodukter og egg", "Melk"], "title": "Tine Laktosefri Helmelk", "price": 36.9, "product_variant": "1 l", "quantity_info": [[1.0, "l"]], "image_url": "/media/uploads/public/380/268/151868-4572d-product_list.jpg", "unit_price_raw": "kr 36,90 per l", "product_url": "https://kolonial.no/produkter/24681-tine-tine-laktosefri-helmelk/", "kolonial_id": "24681"},
  {"category": "Is i boks", "category_list": ["Alle varer", "Is og desserter", "Is i boks"], "title": "Sorbet av Mango", "price": 62.1, "product_variant": "0,5 l", "quantity_info": [[0.5, "l"]], "image_url": "/media/uploads/public/0/94/87694-8a84f-product_list.jpg", "unit_price_raw": "kr 124,20 per l", "product_url": "https://kolonial.no/produkter/19597-kulinaris-sorbet-av-mango/", "kolonial_id": "19597"},
  {"category": "Is i boks", "category_list": ["Alle varer", "Is og desserter", "Is i boks"], "title": "Sorbet av Pasjonsfrukt", "price": 62.1, "product_variant": "0,5 l", "quantity_info": [[0.5, "l"]], "image_url": "/media/uploads/public/0/91/87691-a6d50-product_list.jpg", "unit_price_raw": "kr 124,20 per l", "product_url": "https://kolonial.no/produkter/19594-kulinaris-sorbet-av-pasjonsfrukt/", "kolonial_id": "19594"},
  {"category": "S\u00e5pe", "category_list": ["Alle varer", "Shampo, s\u00e5pe og krem", "S\u00e5pe"], "title": "Argan H\u00e5nds\u00e5pe", "price": 44.0, "product_variant": "280 ml", "quantity_info": [[280.0, "ml"]], "image_url": "/media/uploads/public/199/233/973433-77ff2-product_list.jpg", "unit_price_raw": "kr 157,14 per l", "product_url": "https://kolonial.no/produkter/27382-naturelle-argan-handsape/", "kolonial_id": "27382"},
  {"category": "S\u00e5pe", "category_list": ["Alle varer", "Shampo, s\u00e5pe og krem", "S\u00e5pe"], "title": "Lavendel H\u00e5nds\u00e5pe", "price": 43.9, "product_variant": "280 ml", "quantity_info": [[280.0, "ml"]], "image_url": "/media/uploads/public/225/237/973437-a0bb6-product_list.jpg", "unit_price_raw": "kr 156,79 per l", "product_url": "https://kolonial.no/produkter/27383-naturelle-lavendel-handsape/", "kolonial_id": "27383"},
  {"category": "Spesial\u00f8l og import", "category_list": ["Alle varer", "\u00d8l, cider og rusbrus", "Spesial\u00f8l og import"], "title": "Hvete", "price": 49.4, "product_variant": "4,5%, 0,33 l", "quantity_info": [[4.5, ""], [0.33, "l"]], "image_url": "/media/uploads/public/356/42/411242-ee38f-product_list.jpg", "unit_price_raw": "kr 149,70 per l", "product_url": "https://kolonial.no/produkter/26162-klokk-co-hvete-45/", "kolonial_id": "26162"},
  {"category": "Spesial\u00f8l og import", "category_list": ["Alle varer", "\u00d8l, cider og rusbrus", "Spesial\u00f8l og import"], "title": "Juicy IPA", "price": 49.4, "product_variant": "4,5%, 0,33 l", "quantity_info": [[4.5, ""], [0.33, "l"]], "image_url": "/media/uploads/public/127/43/411243-38db8-product_list.jpg", "unit_price_raw": "kr 149,70 per l", "product_url": "https://kolonial.no/produkter/26163-klokk-co-juicy-ipa-45/", "kolonial_id": "26163"},
  {"category": "Boller og lefser", "category_list": ["Alle varer", "Kaker, kjeks og desserter", "Boller og lefser"], "title": "Lierne Li-klenning med Kanel", "price": 28.8, "product_variant": "200 g", "quantity_info": [[200.0, "g"]], "image_url": "/media/uploads/public/280/350/164750-549cd-product_list.jpg", "unit_price_raw": "kr 144,00 per kg", "product_url": "https://kolonial.no/produkter/25275-lierne-li-klenning-med-kanel/", "kolonial_id": "25275"},
  {"category": "Boller og lefser", "category_list": ["Alle varer", "Kaker, kjeks og desserter", "Boller og lefser"], "title": "Seterlefse med Kanel", "price": 39.9, "product_variant": "275 g", "quantity_info": [[275.0, "g"]], "image_url": "/media/uploads/public/47/301/188301-2b1f9-product_list.jpg", "unit_price_raw": "kr 145,09 per kg", "product_url": "https://kolonial.no/produkter/25370-berthas-seterlefse-med-kanel/", "kolonial_id": "25370"},
  {"category": "Kjeks", "category_list": ["Alle varer", "Kaker, kjeks og desserter", "Kjeks"], "title": "Kapteinkjeks", "price": 24.4, "product_variant": "200 g", "quantity_info": [[200.0, "g"]], "image_url": "/media/uploads/public/0/80/480-55c51-product_list.jpg", "unit_price_raw": "kr 122,00 per kg", "product_url": "https://kolonial.no/produkter/58-saetre-kapteinkjeks-200g/", "kolonial_id": "58"},
  {"category": "\u00d8l", "category_list": ["Alle varer", "\u00d8l, cider og rusbrus", "\u00d8l"], "title": "Aass Fat\u00f8l", "price": 193.2, "product_variant": "6x0,5 liter, 3 l", "quantity_info": [[6.0, "x"], [0.5, "liter"], [3.0, "l"]], "image_url": "/media/uploads/public/13/387/973987-e1228-product_list.jpg", "unit_price_raw": "kr 64,40 per l", "product_url": "https://kolonial.no/produkter/13237-aass-bryggeri-aass-fatol-6x05-liter/", "kolonial_id": "13237"},
  {"category": "\u00d8l", "category_list": ["Alle varer", "\u00d8l, cider og rusbrus", "\u00d8l"], "title": "Aass \u00d8l Lite", "price": 197.4, "product_variant": "6x0,5 liter, 3 l", "quantity_info": [[6.0, "x"], [0.5, "liter"], [3.0, "l"]], "image_url": "/media/uploads/public/38/363/1013563-3a276-product_list.jpg", "unit_price_raw": "kr 65,80 per l", "product_url": "https://kolonial.no/produkter/17800-aass-bryggeri-aass-ol-lite-6x05-liter/", "kolonial_id": "17800"},
  {"category": "Potetchips og snacks", "category_list": ["Alle varer", "Snacks og godteri", "Potetchips og snacks"], "title": "Potetgull Sourcream & Onion", "price": 31.1, "product_variant": "200 g", "quantity_info": [[200.0, "g"]], "image_url": "/media/uploads/public/393/161/973761-f5e74-product_list.jpg", "unit_price_raw": "kr 155,50 per kg", "product_url": "https://kolonial.no/produkter/27674-maarud-potetgull-sourcream-onion/", "kolonial_id": "27674"},
  {"category": "Potetchips og snacks", "category_list": ["Alle varer", "Snacks og godteri", "Potetchips og snacks"], "title": "Potetgull Paprika", "price": 21.9, "product_variant": "290 g", "quantity_info": [[290.0, "g"]], "image_url": "/media/uploads/public/21/116/972516-c2e9e-product_list.jpg", "unit_price_raw": "kr 75,52 per kg", "product_url": "https://kolonial.no/produkter/13462-maarud-potetgull-paprika-275g/", "kolonial_id": "13462"},
  {"category": "Syltet\u00f8y", "category_list": ["Alle varer", "P\u00e5legg", "Syltet\u00f8y"], "title": "Multesyltet\u00f8y", "price": 55.5, "product_variant": "200 g", "quantity_info": [[200.0, "g"]], "image_url": "/media/uploads/public/178/216/325016-e3e98-product_list.jpg", "unit_price_raw": "kr 277,50 per kg", "product_url": "https://kolonial.no/produkter/25673-loiten-multesyltetoy/", "kolonial_id": "25673"},
  {"category": "Ferdigsauser", "category_list": ["Alle varer", "Middager og tilbeh\u00f8r", "Ferdigsauser"], "title": "Barbecue Sauce", "price": 46.9, "product_variant": "510 g", "quantity_info": [[510.0, "g"]], "image_url": "/media/uploads/public/170/123/964523-875af-product_list.jpg", "unit_price_raw": "kr 91,96 per kg", "product_url": "https://kolonial.no/produkter/10942-sweet-baby-rays-barbecue-sauce-510g/", "kolonial_id": "10942"},
  {"category": "Cider og rusbrus", "category_list": ["Alle varer", "\u00d8l, cider og rusbrus", "Cider og rusbrus"], "title": "Roscoe Ginger Beer", "price": 35.9, "product_variant": "4,7%, 0,33 l", "quantity_info": [[4.7, ""], [0.33, "l"]], "image_url": "/media/uploads/public/359/181/970581-f1b0e-product_list.jpg", "unit_price_raw": "kr 108,79 per l", "product_url": "https://kolonial.no/produkter/21910-roscoe-ginger-beer-47/", "kolonial_id": "21910"},
  {"category": "Cider og rusbrus", "category_list": ["Alle varer", "\u00d8l, cider og rusbrus", "Cider og rusbrus"], "title": "Smirnoff Ice", "price": 40.3, "product_variant": "0,28 l", "quantity_info": [[0.28, "l"]], "image_url": "/media/uploads/public/0/131/21331-f1064-product_list.jpg", "unit_price_raw": "kr 143,93 per l", "product_url": "https://kolonial.no/produkter/8029-smirnoff-smirnoff-ice-0275l/", "kolonial_id": "8029"},
  {"category": "Godteri", "category_list": ["Alle varer", "Snacks og godteri", "Godteri"], "title": "Dundersalt", "price": 25.0, "product_variant": "60 g", "quantity_info": [[60.0, "g"]], "image_url": "/media/uploads/public/97/239/1021439-d4aba-product_list.jpg", "unit_price_raw": "kr 416,67 per kg", "product_url": "https://kolonial.no/produkter/20971-brynild-dundersalt/", "kolonial_id": "20971"},
  {"category": "Godteri", "category_list": ["Alle varer", "Snacks og godteri", "Godteri"], "title": "Zoo Gele", "price": 19.9, "product_variant": "80 g", "quantity_info": [[80.0, "g"]], "image_url": "/media/uploads/public/44/112/970512-245b1-product_list.jpg", "unit_price_raw": "kr 248,75 per kg", "product_url": "https://kolonial.no/produkter/21730-malaco-zoo-gele/", "kolonial_id": "21730"},
  {"category": "Mel og sukker", "category_list": ["Alle varer", "Mel og bakeingredienser", "Mel og sukker"], "title": "Rug Sammalt", "price": 16.3, "product_variant": "Fin, 1 kg", "quantity_info": [[1.0, "kg"]], "image_url": "/media/uploads/public/9/203/965403-dfeba-product_list.jpg", "unit_price_raw": "kr 16,30 per kg", "product_url": "https://kolonial.no/produkter/15-mollerens-rug-sammalt-fin/", "kolonial_id": "15"},
  {"category": "Legemidler", "category_list": ["Alle varer", "Legemidler og helsekost", "Legemidler"], "title": "Pepcid", "price": 170.9, "product_variant": "10 mg, 24 stk", "quantity_info": [[10.0, "mg"], [24.0, "stk"]], "image_url": "/media/uploads/public/315/157/966957-9eb90-product_list.jpg", "unit_price_raw": "kr 7,12 per stk", "product_url": "https://kolonial.no/produkter/15534-pepcid-10-mg/", "kolonial_id": "15534"},
  {"category": "Legemidler", "category_list": ["Alle varer", "Legemidler og helsekost", "Legemidler"], "title": "Samarin", "price": 23.9, "product_variant": "18 bruk", "quantity_info": [[18.0, "bruk"]], "image_url": "/media/uploads/public/24/66/974066-8d0c4-product_list.jpg", "unit_price_raw": "kr 1,33 per bruk", "product_url": "https://kolonial.no/produkter/15864-samarin/", "kolonial_id": "15864"},
  {"category": "Sjokolade", "category_list": ["Alle varer", "Snacks og godteri", "Sjokolade"], "title": "Fruktn\u00f8tt", "price": 48.8, "product_variant": "200 g", "quantity_info": [[200.0, "g"]], "image_url": "/media/uploads/public/351/114/964514-b82c8-product_list.jpg", "unit_price_raw": "kr 244,00 per kg", "product_url": "https://kolonial.no/produkter/292-freia-fruktnott/", "kolonial_id": "292"},
  {"category": "Gr\u00f8nnsaker", "category_list": ["Alle varer", "Frukt og gr\u00f8nt", "Gr\u00f8nnsaker"], "title": "Gulr\u00f8tter vasket", "price": 25.9, "product_variant": "Norge, 1 kg", "quantity_info": [[1.0, "kg"]], "image_url": "/media/uploads/public/32/158/914558-5a0ff-product_list.jpg", "unit_price_raw": "kr 25,90 per kg", "product_url": "https://kolonial.no/produkter/27853-gulrot-vasket-norge/", "kolonial_id": "27853"},
  {"category": "Porsjonsis", "category_list": ["Alle varer", "Is og desserter", "Porsjonsis"], "title": "Dream Sitron Mini", "price": 69.9, "product_variant": "6 stk", "quantity_info": [[6.0, "stk"]], "image_url": "/media/uploads/public/105/296/973496-52ac5-product_list.jpg", "unit_price_raw": "kr 11,65 per stk", "product_url": "https://kolonial.no/produkter/27440-diplom-dream-sitron-mini/", "kolonial_id": "27440"},
  {"category": "Dessert", "category_list": ["Alle varer", "Is og desserter", "Dessert"], "title": "Vaniljesaus Piano", "price": 24.8, "product_variant": "0,5 l", "quantity_info": [[0.5, "l"]], "image_url": "/media/uploads/public/235/391/967591-22da1-product_list.jpg", "unit_price_raw": "kr 49,60 per l", "product_url": "https://kolonial.no/produkter/8146-tine-vaniljesaus-piano-05l/", "kolonial_id": "8146"},
  {"category": "Alkoholfritt", "category_list": ["Alle varer", "\u00d8l, cider og rusbrus", "Alkoholfritt"], "title": "Clausthaler Weizen", "price": 15.7, "product_variant": "0,33 l", "quantity_info": [[0.33, "l"]], "image_url": "/media/uploads/public/208/69/992469-91ecb-product_list.jpg", "unit_price_raw": "kr 47,58 per l", "product_url": "https://kolonial.no/produkter/22006-clausthaler-clausthaler-weizen/", "kolonial_id": "22006"},
  {"category": "Alkoholfritt", "category_list": ["Alle varer", "\u00d8l, cider og rusbrus", "Alkoholfritt"], "title": "Heineken 0.0%", "price": 87.6, "product_variant": "Alkoholfri, 4 x 0,33l, 1,32 l", "quantity_info": [[4.0, "x"], [0.33, "l"], [1.32, "l"]], "image_url": "/media/uploads/public/219/329/981529-49377-product_list.jpg", "unit_price_raw": "kr 66,36 per l", "product_url": "https://kolonial.no/produkter/27960-heineken-heineken-00-alkoholfri-4-x-033l/", "kolonial_id": "27960"},
  {"category": "Melk", "category_list": ["Alle varer", "Melk, meieriprodukter og egg", "Melk"], "title": "Havredrikk \u00d8kologisk", "price": 28.9, "product_variant": "Glutenfri, 1 l", "quantity_info": [[1.0, "l"]], "image_url": "/media/uploads/public/181/211/1003411-444c6-product_list.jpg", "unit_price_raw": "kr 28,90 per l", "product_url": "https://kolonial.no/produkter/28056-oat-dream-havredrikk-okologisk-glutenfri/", "kolonial_id": "28056"},
  {"category": "Is i boks", "category_list": ["Alle varer", "Is og desserter", "Is i boks"], "title": "Sorbet av Kokos", "price": 62.1, "product_variant": "0,5 l", "quantity_info": [[0.5, "l"]], "image_url": "/media/uploads/public/0/79/87679-852ae-product_list.jpg", "unit_price_raw": "kr 124,20 per l", "product_url": "https://kolonial.no/produkter/19576-kulinaris-sorbet-av-kokos/", "kolonial_id": "19576"},
  {"category": "Is i boks", "category_list": ["Alle varer", "Is og desserter", "Is i boks"], "title": "Sorbet av Rabarbra", "price": 68.9, "product_variant": "0,5 l", "quantity_info": [[0.5, "l"]], "image_url": "/media/uploads/public/40/217/142617-6d97f-product_list.jpg", "unit_price_raw": "kr 137,80 per l", "product_url": "https://kolonial.no/produkter/22825-kulinaris-sorbe-av-rabarbra/", "kolonial_id": "22825"},
  {"category": "S\u00e5pe", "category_list": ["Alle varer", "Shampo, s\u00e5pe og krem", "S\u00e5pe"], "title": "Lano H\u00e5nds\u00e5pe", "price": 18.5, "product_variant": "Refill, 300 ml", "quantity_info": [[300.0, "ml"]], "image_url": "/media/uploads/public/38/158/730158-af7a4-product_list.jpg", "unit_price_raw": "kr 61,67 per l", "product_url": "https://kolonial.no/produkter/1537-lano-lano-handsape-refill-300ml/", "kolonial_id": "1537"},
  {"category": "S\u00e5pe", "category_list": ["Alle varer", "Shampo, s\u00e5pe og krem", "S\u00e5pe"], "title": "Lano Flytende H\u00e5nds\u00e5pe", "price": 15.9, "product_variant": "Pumpeflaske, 300 ml", "quantity_info": [[300.0, "ml"]], "image_url": "/media/uploads/public/363/11/964811-670ff-product_list.jpg", "unit_price_raw": "kr 53,00 per l", "product_url": "https://kolonial.no/produkter/1534-lano-lano-flytende-handsape-pumpeflaske-300ml/", "kolonial_id": "1534"},
  {"category": "Spesial\u00f8l og import", "category_list": ["Alle varer", "\u00d8l, cider og rusbrus", "Spesial\u00f8l og import"], "title": "N\u00f8gne \u00d8 Asian Pale", "price": 40.9, "product_variant": "0,33 l", "quantity_info": [[0.33, "l"]], "image_url": "/media/uploads/public/253/68/1018868-b7594-product_list.jpg", "unit_price_raw": "kr 123,94 per l", "product_url": "https://kolonial.no/produkter/22996-nogne-o-nogne-o-asian-pale/", "kolonial_id": "22996"},
  {"category": "Boller og lefser", "category_list": ["Alle varer", "Kaker, kjeks og desserter", "Boller og lefser"], "title": "Lefsegodt", "price": 39.9, "product_variant": "6 stk, 330 g", "quantity_info": [[6.0, "stk"], [330.0, "g"]], "image_url": "/media/uploads/public/296/348/973148-5b3fa-product_list.jpg", "unit_price_raw": "kr 120,91 per kg", "product_url": "https://kolonial.no/produkter/25092-berthas-lefsegodt-6-stk/", "kolonial_id": "25092"},
  {"category": "Sm\u00e5kaker", "category_list": ["Alle varer", "Kaker, kjeks og desserter", "Sm\u00e5kaker"], "title": "Makroner", "price": 73.0, "product_variant": "12 stk, 132 g", "quantity_info": [[12.0, "stk"], [132.0, "g"]], "image_url": "/media/uploads/public/258/304/369904-4475b-product_list.jpg", "unit_price_raw": "kr 553,03 per kg", "product_url": "https://kolonial.no/produkter/25461-makroner-12-stk/", "kolonial_id": "25461"},
  {"category": "Sm\u00e5kaker", "category_list": ["Alle varer", "Kaker, kjeks og desserter", "Sm\u00e5kaker"], "title": "Soft Brownie", "price": 33.0, "product_variant": "410 g", "quantity_info": [[410.0, "g"]], "image_url": "/media/uploads/public/27/130/296130-bcb81-product_list.jpg", "unit_price_raw": "kr 80,49 per kg", "product_url": "https://kolonial.no/produkter/25137-god-bakst-soft-brownie/", "kolonial_id": "25137"},
  {"category": "Kjeks", "category_list": ["Alle varer", "Kaker, kjeks og desserter", "Kjeks"], "title": "Kornmo Saltkjeks", "price": 28.3, "product_variant": "120 g", "quantity_info": [[120.0, "g"]], "image_url": "/media/uploads/public/309/2/973202-ee5bc-product_list.jpg", "unit_price_raw": "kr 235,83 per kg", "product_url": "https://kolonial.no/produkter/27268-saetre-kornmo-saltkjeks/", "kolonial_id": "27268"},
  {"category": "Kjeks", "category_list": ["Alle varer", "Kaker, kjeks og desserter", "Kjeks"], "title": "Cafe Bakeriet Sjokoladetrio", "price": 41.6, "product_variant": "200 g", "quantity_info": [[200.0, "g"]], "image_url": "/media/uploads/public/380/91/973291-a7b72-product_list.jpg", "unit_price_raw": "kr 208,00 per kg", "product_url": "https://kolonial.no/produkter/9833-saetre-cafe-bakeriet-sjokoladetrio-200g/", "kolonial_id": "9833"},
  {"category": "\u00d8l", "category_list": ["Alle varer", "\u00d8l, cider og rusbrus", "\u00d8l"], "title": "Aass Vienna Lager", "price": 140.3, "product_variant": "4 x 0,5 liter, 2 l", "quantity_info": [[4.0, "x"], [0.5, "liter"], [2.0, "l"]], "image_url": "/media/uploads/public/40/83/985283-ddd3a-product_list.jpg", "unit_price_raw": "kr 70,15 per l", "product_url": "https://kolonial.no/produkter/17797-aass-bryggeri-aass-vienna-lager-4-x-05-liter/", "kolonial_id": "17797"},
  {"category": "\u00d8l", "category_list": ["Alle varer", "\u00d8l, cider og rusbrus", "\u00d8l"], "title": "Frydenlund Fat\u00f8l", "price": 279.0, "product_variant": "0,33 x 10 stk, 3,3 l", "quantity_info": [[0.33, "x"], [10.0, "stk"], [3.3, "l"]], "image_url": "/media/uploads/public/0/321/82321-a40f3-product_list.jpg", "unit_price_raw": "kr 84,55 per l", "product_url": "https://kolonial.no/produkter/19957-frydenlund-frydenlund-fatol-033-x-10-stk/", "kolonial_id": "19957"},
  {"category": "Potetchips og snacks", "category_list": ["Alle varer", "Snacks og godteri", "Potetchips og snacks"], "title": "Potetgull Classic", "price": 21.9, "product_variant": "Salt & Pepper, 290 g", "quantity_info": [[290.0, "g"]], "image_url": "/media/uploads/public/207/277/971477-db768-product_list.jpg", "unit_price_raw": "kr 75,52 per kg", "product_url": "https://kolonial.no/produkter/916-maarud-potetgull-classic-salt-pepper-275g/", "kolonial_id": "916"},
  {"category": "Syltet\u00f8y", "category_list": ["Alle varer", "P\u00e5legg", "Syltet\u00f8y"], "title": "Myntegele", "price": 33.9, "product_variant": "1 stk", "quantity_info": [[1.0, "stk"]], "image_url": "/media/uploads/public/361/213/325013-82696-product_list.jpg", "unit_price_raw": "kr 33,90 per stk", "product_url": "https://kolonial.no/produkter/25662-loiten-myntegele/", "kolonial_id": "25662"},
  {"category": "Ferdigsauser", "category_list": ["Alle varer", "Middager og tilbeh\u00f8r", "Ferdigsauser"], "title": "Bearnaise", "price": 20.0, "product_variant": "180 g", "quantity_info": [[180.0, "g"]], "image_url": "/media/uploads/public/345/35/154835-baa08-product_list.jpg", "unit_price_raw": "kr 111,11 per kg", "product_url": "https://kolonial.no/produkter/24555-rema-1000-bearnaise/", "kolonial_id": "24555"},
  {"category": "Cider og rusbrus", "category_list": ["Alle varer", "\u00d8l, cider og rusbrus", "Cider og rusbrus"], "title": "Bacardi Breezer Orange", "price": 33.5, "product_variant": "275 ml", "quantity_info": [[275.0, "ml"]], "image_url": "/media/uploads/public/246/62/970462-80bfa-product_list.jpg", "unit_price_raw": "kr 121,82 per l", "product_url": "https://kolonial.no/produkter/21493-bacardi-bacardi-breezer-orange/", "kolonial_id": "21493"},
  {"category": "Cider og rusbrus", "category_list": ["Alle varer", "\u00d8l, cider og rusbrus", "Cider og rusbrus"], "title": "Bacardi Breezer Lime", "price": 36.9, "product_variant": "275 ml", "quantity_info": [[275.0, "ml"]], "image_url": "/media/uploads/public/261/165/972565-e6863-product_list.jpg", "unit_price_raw": "kr 134,18 per l", "product_url": "https://kolonial.no/produkter/26188-bacardi-bacardi-breezer-lime/", "kolonial_id": "26188"},
  {"category": "Godteri", "category_list": ["Alle varer", "Snacks og godteri", "Godteri"], "title": "Supermix Original", "price": 60.4, "product_variant": "270 g", "quantity_info": [[270.0, "g"]], "image_url": "/media/uploads/public/41/229/1021429-b0fc5-product_list.jpg", "unit_price_raw": "kr 223,70 per kg", "product_url": "https://kolonial.no/produkter/21940-brynild-supermix-original/", "kolonial_id": "21940"},
  {"category": "Godteri", "category_list": ["Alle varer", "Snacks og godteri", "Godteri"], "title": "Supermix Sur", "price": 59.4, "product_variant": "230 g", "quantity_info": [[230.0, "g"]], "image_url": "/media/uploads/public/0/61/94861-9317d-product_list.jpg", "unit_price_raw": "kr 258,26 per kg", "product_url": "https://kolonial.no/produkter/21937-brynild-supermix-sur/", "kolonial_id": "21937"},
  {"category": "Mel og sukker", "category_list": ["Alle varer", "Mel og bakeingredienser", "Mel og sukker"], "title": "Sammalt Hvete Grovmalt", "price": 12.8, "product_variant": "1 kg", "quantity_info": [[1.0, "kg"]], "image_url": "/media/uploads/public/330/182/965382-7419d-product_list.jpg", "unit_price_raw": "kr 12,80 per kg", "product_url": "https://kolonial.no/produkter/6412-mollerens-sammalt-hvete-grovmalt-1kg/", "kolonial_id": "6412"},
  {"category": "Mel og sukker", "category_list": ["Alle varer", "Mel og bakeingredienser", "Mel og sukker"], "title": "Rugmel Siktet", "price": 18.1, "product_variant": "1 kg", "quantity_info": [[1.0, "kg"]], "image_url": "/media/uploads/public/79/289/971489-96a7e-product_list.jpg", "unit_price_raw": "kr 18,10 per kg", "product_url": "https://kolonial.no/produkter/8957-mollerens-rugmel-siktet-1kg/", "kolonial_id": "8957"},
  {"category": "Legemidler", "category_list": ["Alle varer", "Legemidler og helsekost", "Legemidler"], "title": "Paracet Brusetablett", "price": 49.4, "product_variant": "500mg, 20 stk", "quantity_info": [[500.0, "mg"], [20.0, "stk"]], "image_url": "/media/uploads/public/15/334/1001534-b1fa3-product_list.jpg", "unit_price_raw": "kr 2,47 per stk", "product_url": "https://kolonial.no/produkter/16552-weifa-paracet-brusetablett-500mg/", "kolonial_id": "16552"},
  {"category": "Sjokolade", "category_list": ["Alle varer", "Snacks og godteri", "Sjokolade"], "title": "Heln\u00f8tt", "price": 48.5, "product_variant": "200 g", "quantity_info": [[200.0, "g"]], "image_url": "/media/uploads/public/331/120/964520-4b05e-product_list.jpg", "unit_price_raw": "kr 242,50 per kg", "product_url": "https://kolonial.no/produkter/291-freia-helnott/", "kolonial_id": "291"},
  {"category": "Sjokolade", "category_list": ["Alle varer", "Snacks og godteri", "Sjokolade"], "title": "Melkesjokolade Med Japp", "price": 48.5, "product_variant": "200 g", "quantity_info": [[200.0, "g"]], "image_url": "/media/uploads/public/92/54/967654-b6e4a-product_list.jpg", "unit_price_raw": "kr 242,50 per kg", "product_url": "https://kolonial.no/produkter/10852-freia-melkesjokolade-med-japp-200g/", "kolonial_id": "10852"},
  {"category": "Porsjonsis", "category_list": ["Alle varer", "Is og desserter", "Porsjonsis"], "title": "Classic Multipack", "price": 83.3, "product_variant": "4 x 100 ml, 400 g", "quantity_info": [[4.0, "x"], [100.0, "ml"], [400.0, "g"]], "image_url": "/media/uploads/public/222/132/262532-fe006-product_list.jpg", "unit_price_raw": "kr 208,25 per kg", "product_url": "https://kolonial.no/produkter/25524-ben-jerrys-classic-multipack-4-x-100-ml/", "kolonial_id": "25524"},
  {"category": "Porsjonsis", "category_list": ["Alle varer", "Is og desserter", "Porsjonsis"], "title": "Son of a Wich Iskrem", "price": 83.3, "product_variant": "8 x 30 ml, 240 g", "quantity_info": [[8.0, "x"], [30.0, "ml"], [240.0, "g"]], "image_url": "/media/uploads/public/61/133/262533-92b52-product_list.jpg", "unit_price_raw": "kr 347,08 per kg", "product_url": "https://kolonial.no/produkter/25526-ben-jerrys-son-wich-iskrem-8-x-30-ml/", "kolonial_id": "25526"},
  {"category": "Dessert", "category_list": ["Alle varer", "Is og desserter", "Dessert"], "title": "Piano Bringeb\u00e6rsaus", "price": 24.0, "product_variant": "0,5 l", "quantity_info": [[0.5, "l"]], "image_url": "/media/uploads/public/357/329/967529-98ce8-product_list.jpg", "unit_price_raw": "kr 48,00 per l", "product_url": "https://kolonial.no/produkter/12325-tine-piano-bringebaersaus-05l/", "kolonial_id": "12325"},
  {"category": "Dessert", "category_list": ["Alle varer", "Is og desserter", "Dessert"], "title": "Vaniljesaus", "price": 13.6, "product_variant": "Til Koking, 19 g", "quantity_info": [[19.0, "g"]], "image_url": "/media/uploads/public/65/286/964686-9b3ac-product_list.jpg", "unit_price_raw": "kr 715,79 per kg", "product_url": "https://kolonial.no/produkter/7234-freia-vaniljesaus-til-koking/", "kolonial_id": "7234"},
  {"category": "Alkoholfritt", "category_list": ["Alle varer", "\u00d8l, cider og rusbrus", "Alkoholfritt"], "title": "Aass Uten IPA", "price": 87.9, "product_variant": "6x0,33l, 1,98 l", "quantity_info": [[6.0, "x"], [0.33, "l"], [1.98, "l"]], "image_url": "/media/uploads/public/110/206/625806-ada8a-product_list.jpg", "unit_price_raw": "kr 44,39 per l", "product_url": "https://kolonial.no/produkter/26746-aass-bryggeri-aass-uten-ipa-6x033l/", "kolonial_id": "26746"},
  {"category": "Melk", "category_list": ["Alle varer", "Melk, meieriprodukter og egg", "Melk"], "title": "Havremylk Us\u00f8tet", "price": 33.1, "product_variant": "1 l", "quantity_info": [[1.0, "l"]], "image_url": "/media/uploads/public/166/316/872316-372c4-product_list.jpg", "unit_price_raw": "kr 33,10 per l", "product_url": "https://kolonial.no/produkter/27845-berit-nordstrand-havremylk-usotet/", "kolonial_id": "27845"},
  {"category": "Melk", "category_list": ["Alle varer", "Melk, meieriprodukter og egg", "Melk"], "title": "Havre & Mandelmylk", "price": 37.1, "product_variant": "1 l", "quantity_info": [[1.0, "l"]], "image_url": "/media/uploads/public/321/317/872317-3ab9f-product_list.jpg", "unit_price_raw": "kr 37,10 per l", "product_url": "https://kolonial.no/produkter/27846-berit-nordstrand-havre-mandelmylk/", "kolonial_id": "27846"},
  {"category": "Is i boks", "category_list": ["Alle varer", "Is og desserter", "Is i boks"], "title": "Kulinaris Rom & Rosin", "price": 64.0, "product_variant": "0,5 l", "quantity_info": [[0.5, "l"]], "image_url": "/media/uploads/public/323/381/971981-d5cf3-product_list.jpg", "unit_price_raw": "kr 128,00 per l", "product_url": "https://kolonial.no/produkter/25331-kulinaris-kulinaris-rom-rosin/", "kolonial_id": "25331"},
  {"category": "S\u00e5pe", "category_list": ["Alle varer", "Shampo, s\u00e5pe og krem", "S\u00e5pe"], "title": "S\u00e5pe Fast", "price": 20.8, "product_variant": "2 stk", "quantity_info": [[2.0, "stk"]], "image_url": "/media/uploads/public/122/3/964803-3e3b8-product_list.jpg", "unit_price_raw": "kr 10,40 per stk", "product_url": "https://kolonial.no/produkter/13027-lano-sape-fast-2pk/", "kolonial_id": "13027"},
  {"category": "Spesial\u00f8l og import", "category_list": ["Alle varer", "\u00d8l, cider og rusbrus", "Spesial\u00f8l og import"], "title": "N\u00f8gne \u00d8 American Pale Ale", "price": 40.9, "product_variant": "0,33 l", "quantity_info": [[0.33, "l"]], "image_url": "/media/uploads/public/284/360/973960-ec474-product_list.jpg", "unit_price_raw": "kr 123,94 per l", "product_url": "https://kolonial.no/produkter/22060-nogne-o-nogne-o-american-pale-ale/", "kolonial_id": "22060"},
  {"category": "Spesial\u00f8l og import", "category_list": ["Alle varer", "\u00d8l, cider og rusbrus", "Spesial\u00f8l og import"], "title": "N\u00f8gne \u00d8 Blonde", "price": 40.8, "product_variant": "0,33 l", "quantity_info": [[0.33, "l"]], "image_url": "/media/uploads/public/366/20/699620-381a4-product_list.jpg", "unit_price_raw": "kr 123,64 per l", "product_url": "https://kolonial.no/produkter/26195-nogne-o-nogne-o-blonde/", "kolonial_id": "26195"},
  {"category": "Sm\u00e5kaker", "category_list": ["Alle varer", "Kaker, kjeks og desserter", "Sm\u00e5kaker"], "title": "Chocolate Mousse Cake", "price": 90.9, "product_variant": "600 g", "quantity_info": [[600.0, "g"]], "image_url": "/media/uploads/public/148/254/617454-dae95-product_list.jpg", "unit_price_raw": "kr 151,50 per kg", "product_url": "https://kolonial.no/produkter/26531-dr-oetker-chocolate-mousse-cake/", "kolonial_id": "26531"},
  {"category": "Kjeks", "category_list": ["Alle varer", "Kaker, kjeks og desserter", "Kjeks"], "title": "Fine Cheese Toast", "price": 72.8, "product_variant": "Kvede, Pekann\u00f8tter & Valmuefr\u00f8, 100 g", "quantity_info": [[100.0, "g"]], "image_url": "/media/uploads/public/0/260/64660-c01d2-product_list.jpg", "unit_price_raw": "kr 728,00 per kg", "product_url": "https://kolonial.no/produkter/18535-fine-cheese-co-fine-cheese-toast-kvede-pekannotter/", "kolonial_id": "18535"},
  {"category": "\u00d8l", "category_list": ["Alle varer", "\u00d8l, cider og rusbrus", "\u00d8l"], "title": "Tuborg Gr\u00f8n", "price": 243.3, "product_variant": "12 x 0,33l, 3,96 l", "quantity_info": [[12.0, "x"], [0.33, "l"], [3.96, "l"]], "image_url": "/media/uploads/public/0/342/82342-8b818-product_list.jpg", "unit_price_raw": "kr 61,44 per l", "product_url": "https://kolonial.no/produkter/19984-tuborg-tuborg-gron-12-x-033l/", "kolonial_id": "19984"},
  {"category": "\u00d8l", "category_list": ["Alle varer", "\u00d8l, cider og rusbrus", "\u00d8l"], "title": "Tuborg Lite", "price": 254.0, "product_variant": "10 x 0,33l, 3,3 l", "quantity_info": [[10.0, "x"], [0.33, "l"], [3.3, "l"]], "image_url": "/media/uploads/public/0/333/82333-58346-product_list.jpg", "unit_price_raw": "kr 76,97 per l", "product_url": "https://kolonial.no/produkter/19996-tuborg-tuborg-lite-10-x-033l/", "kolonial_id": "19996"},
  {"category": "Potetchips og snacks", "category_list": ["Alle varer", "Snacks og godteri", "Potetchips og snacks"], "title": "Maarud Potetgull Biff", "price": 31.9, "product_variant": "290 g", "quantity_info": [[290.0, "g"]], "image_url": "/media/uploads/public/345/202/374602-cce6b-product_list.jpg", "unit_price_raw": "kr 110,00 per kg", "product_url": "https://kolonial.no/produkter/26099-maarud-maarud-potetgull-biff/", "kolonial_id": "26099"},
  {"category": "Potetchips og snacks", "category_list": ["Alle varer", "Snacks og godteri", "Potetchips og snacks"], "title": "Totenflak Paprika & R\u00f8mme", "price": 27.9, "product_variant": "180 g", "quantity_info": [[180.0, "g"]], "image_url": "/media/uploads/public/22/171/972171-7b04f-product_list.jpg", "unit_price_raw": "kr 155,00 per kg", "product_url": "https://kolonial.no/produkter/25503-kims-totenflak-paprika-romme/", "kolonial_id": "25503"},
  {"category": "Syltet\u00f8y", "category_list": ["Alle varer", "P\u00e5legg", "Syltet\u00f8y"], "title": "Ripssyltet\u00f8y Gourmet", "price": 33.9, "product_variant": "200 g", "quantity_info": [[200.0, "g"]], "image_url": "/media/uploads/public/29/209/325009-aea36-product_list.jpg", "unit_price_raw": "kr 169,50 per kg", "product_url": "https://kolonial.no/produkter/25681-loiten-ripssyltetoy-gourmet/", "kolonial_id": "25681"},
  {"category": "Syltet\u00f8y", "category_list": ["Alle varer", "P\u00e5legg", "Syltet\u00f8y"], "title": "Rogneb\u00e6rgele", "price": 33.9, "product_variant": "200 g", "quantity_info": [[200.0, "g"]], "image_url": "/media/uploads/public/314/214/325014-2c0e7-product_list.jpg", "unit_price_raw": "kr 169,50 per kg", "product_url": "https://kolonial.no/produkter/25659-loiten-rognebaergele/", "kolonial_id": "25659"},
  {"category": "Ferdigsauser", "category_list": ["Alle varer", "Middager og tilbeh\u00f8r", "Ferdigsauser"], "title": "Blue Cheese Dip", "price": 10.0, "product_variant": "Taste Lab, 140 g", "quantity_info": [[140.0, "g"]], "image_url": "/media/uploads/public/297/311/1007911-85b20-product_list.jpg", "unit_price_raw": "kr 71,43 per kg", "product_url": "https://kolonial.no/produkter/24096-rema-1000-blue-cheese-dip-taste-lab/", "kolonial_id": "24096"},
  {"category": "Ferdigsauser", "category_list": ["Alle varer", "Middager og tilbeh\u00f8r", "Ferdigsauser"], "title": "Butterchicken med Kryddermiks", "price": 49.6, "product_variant": "360 g", "quantity_info": [[360.0, "g"]], "image_url": "/media/uploads/public/228/50/155250-ce76d-product_list.jpg", "unit_price_raw": "kr 137,78 per kg", "product_url": "https://kolonial.no/produkter/25064-saritas-butterchicken-med-kryddermiks/", "kolonial_id": "25064"},
  {"category": "Cider og rusbrus", "category_list": ["Alle varer", "\u00d8l, cider og rusbrus", "Cider og rusbrus"], "title": "Smirnoff Ice", "price": 148.1, "product_variant": "4 x 0,25l, 1 l", "quantity_info": [[4.0, "x"], [0.25, "l"], [1.0, "l"]], "image_url": "/media/uploads/public/0/390/82390-93ebd-product_list.jpg", "unit_price_raw": "kr 148,10 per l", "product_url": "https://kolonial.no/produkter/20014-smirnoff-smirnoff-ice-4-x-025l/", "kolonial_id": "20014"},
  {"category": "Mel og sukker", "category_list": ["Alle varer", "Mel og bakeingredienser", "Mel og sukker"], "title": "Havremel", "price": 33.2, "product_variant": "1 kg", "quantity_info": [[1.0, "kg"]], "image_url": "/media/uploads/public/280/248/970248-71670-product_list.jpg", "unit_price_raw": "kr 33,20 per kg", "product_url": "https://kolonial.no/produkter/21004-mollerens-havremel/", "kolonial_id": "21004"},
  {"category": "Mel og sukker", "category_list": ["Alle varer", "Mel og bakeingredienser", "Mel og sukker"], "title": "Potetmel", "price": 29.1, "product_variant": "500 g", "quantity_info": [[500.0, "g"]], "image_url": "/media/uploads/public/182/325/964325-7c5da-product_list.jpg", "unit_price_raw": "kr 58,20 per kg", "product_url": "https://kolonial.no/produkter/18-hoff-potetmel-500g/", "kolonial_id": "18"},
  {"category": "Sportsdrikke", "category_list": ["Alle varer", "Trening", "Sportsdrikke"], "title": "Gatorade Cool Blue", "price": 32.9, "product_variant": "1 stk", "quantity_info": [[1.0, "stk"]], "image_url": "/media/uploads/public/33/259/710259-1d0ec-product_list.jpg", "unit_price_raw": "kr 32,90 per stk", "product_url": "https://kolonial.no/produkter/27091-gatorade-cool-blue/", "kolonial_id": "27091"},
  {"category": "Sjokolade", "category_list": ["Alle varer", "Snacks og godteri", "Sjokolade"], "title": "Melkesjokolade med Cocos", "price": 53.8, "product_variant": "190 g", "quantity_info": [[190.0, "g"]], "image_url": "/media/uploads/public/39/18/973218-46059-product_list.jpg", "unit_price_raw": "kr 283,16 per kg", "product_url": "https://kolonial.no/produkter/27176-freia-melkesjokolade-med-cocos/", "kolonial_id": "27176"},
  {"category": "Porsjonsis", "category_list": ["Alle varer", "Is og desserter", "Porsjonsis"], "title": "Magnum After Dinner", "price": 79.9, "product_variant": "10 x 35ml, 350 ml", "quantity_info": [[10.0, "x"], [35.0, "ml"], [350.0, "ml"]], "image_url": "/media/uploads/public/268/207/986207-d27e6-product_list.jpg", "unit_price_raw": "kr 228,29 per l", "product_url": "https://kolonial.no/produkter/27953-magnum-magnum-after-dinner-10-x-35ml/", "kolonial_id": "27953"},
  {"category": "Porsjonsis", "category_list": ["Alle varer", "Is og desserter", "Porsjonsis"], "title": "Little Favourites", "price": 86.7, "product_variant": "4 forskjellige smaker, 400 ml", "quantity_info": [[4.0, "forskjelligesmaker"], [400.0, "ml"]], "image_url": "/media/uploads/public/269/56/122056-ad436-product_list.jpg", "unit_price_raw": "kr 216,75 per l", "product_url": "https://kolonial.no/produkter/23182-haagen-dazs-little-favourites-4-forskjellige-smake/", "kolonial_id": "23182"},
  {"category": "Dessert", "category_list": ["Alle varer", "Is og desserter", "Dessert"], "title": "Vaniljesaus Instant", "price": 12.5, "product_variant": "Uten koking, 56 g", "quantity_info": [[56.0, "g"]], "image_url": "/media/uploads/public/333/269/964669-51b4d-product_list.jpg", "unit_price_raw": "kr 223,21 per kg", "product_url": "https://kolonial.no/produkter/10882-freia-vaniljesaus-instant-uten-koking/", "kolonial_id": "10882"},
  {"category": "Alkoholfritt", "category_list": ["Alle varer", "\u00d8l, cider og rusbrus", "Alkoholfritt"], "title": "Freixenet Cava", "price": 90.9, "product_variant": "Alkoholfri, 750 ml", "quantity_info": [[750.0, "ml"]], "image_url": "/media/uploads/public/13/368/973168-5e0cb-product_list.jpg", "unit_price_raw": "kr 121,20 per l", "product_url": "https://kolonial.no/produkter/27235-freixenet-cava-alkoholfri/", "kolonial_id": "27235"},
  {"category": "Alkoholfritt", "category_list": ["Alle varer", "\u00d8l, cider og rusbrus", "Alkoholfritt"], "title": "Munkholm", "price": 53.3, "product_variant": "6 x 0,33l, 1,98 l", "quantity_info": [[6.0, "x"], [0.33, "l"], [1.98, "l"]], "image_url": "/media/uploads/public/308/329/861929-d0b43-product_list.jpg", "unit_price_raw": "kr 26,92 per l", "product_url": "https://kolonial.no/produkter/27444-munkholm-munkholm-6-x-033l/", "kolonial_id": "27444"},
  {"category": "Melk", "category_list": ["Alle varer", "Melk, meieriprodukter og egg", "Melk"], "title": "Tinemelk", "price": 27.9, "product_variant": "med Kaffe og kakao, 1 l", "quantity_info": [[1.0, "l"]], "image_url": "/media/uploads/public/56/395/1012395-380d9-product_list.jpg", "unit_price_raw": "kr 27,90 per l", "product_url": "https://kolonial.no/produkter/28076-tine-tinemelk-med-kaffe-og-kakao/", "kolonial_id": "28076"},
  {"category": "Is i boks", "category_list": ["Alle varer", "Is og desserter", "Is i boks"], "title": "Chocolate Fudge Brownie Iskrem", "price": 72.9, "product_variant": "500 ml", "quantity_info": [[500.0, "ml"]], "image_url": "/media/uploads/public/325/136/262536-f1658-product_list.jpg", "unit_price_raw": "kr 145,80 per l", "product_url": "https://kolonial.no/produkter/25531-ben-jerrys-chocolate-fudge-brownie-iskrem/", "kolonial_id": "25531"},
  {"category": "S\u00e5pe", "category_list": ["Alle varer", "Shampo, s\u00e5pe og krem", "S\u00e5pe"], "title": "S\u00e5pestykke", "price": 24.6, "product_variant": "2 stk", "quantity_info": [[2.0, "stk"]], "image_url": "/media/uploads/public/276/125/262525-9ef42-product_list.jpg", "unit_price_raw": "kr 12,30 per stk", "product_url": "https://kolonial.no/produkter/25517-neutral-sapestykke/", "kolonial_id": "25517"},
  {"category": "Spesial\u00f8l og import", "category_list": ["Alle varer", "\u00d8l, cider og rusbrus", "Spesial\u00f8l og import"], "title": "N\u00f8gne \u00d8 Global Pale Ale", "price": 40.9, "product_variant": "0,33 l", "quantity_info": [[0.33, "l"]], "image_url": "/media/uploads/public/195/356/973956-9841c-product_list.jpg", "unit_price_raw": "kr 123,94 per l", "product_url": "https://kolonial.no/produkter/26197-nogne-o-nogne-o-global-pale-ale/", "kolonial_id": "26197"},
  {"category": "Spesial\u00f8l og import", "category_list": ["Alle varer", "\u00d8l, cider og rusbrus", "Spesial\u00f8l og import"], "title": "Sagene Pale Ale", "price": 43.5, "product_variant": "0,33 l", "quantity_info": [[0.33, "l"]], "image_url": "/media/uploads/public/246/326/970326-771b9-product_list.jpg", "unit_price_raw": "kr 131,82 per l", "product_url": "https://kolonial.no/produkter/21253-sagene-pilsner-sagene-pale-ale/", "kolonial_id": "21253"},
  {"category": "Kjeks", "category_list": ["Alle varer", "Kaker, kjeks og desserter", "Kjeks"], "title": "Fine Cheese Toast", "price": 78.3, "product_variant": "Kirseb\u00e6r, Mandler og Linfr\u00f8, 100 g", "quantity_info": [[100.0, "g"]], "image_url": "/media/uploads/public/0/254/64654-145d2-product_list.jpg", "unit_price_raw": "kr 783,00 per kg", "product_url": "https://kolonial.no/produkter/18538-fine-cheese-co-fine-cheese-toast-kirsebaer-mandler/", "kolonial_id": "18538"},
  {"category": "Kjeks", "category_list": ["Alle varer", "Kaker, kjeks og desserter", "Kjeks"], "title": "Fine Cheese Toast", "price": 75.1, "product_variant": "Aprikos, N\u00f8tter & Solsikkefr\u00f8, 100 g", "quantity_info": [[100.0, "g"]], "image_url": "/media/uploads/public/0/251/64651-717de-product_list.jpg", "unit_price_raw": "kr 751,00 per kg", "product_url": "https://kolonial.no/produkter/18544-fine-cheese-co-fine-cheese-toast-aprikos-notter-so/", "kolonial_id": "18544"},
  {"category": "\u00d8l", "category_list": ["Alle varer", "\u00d8l, cider og rusbrus", "\u00d8l"], "title": "Frydenlund Bayer", "price": 233.4, "product_variant": "6 x 0,5l, 3 l", "quantity_info": [[6.0, "x"], [0.5, "l"], [3.0, "l"]], "image_url": "/media/uploads/public/0/318/82318-59cd1-product_list.jpg", "unit_price_raw": "kr 77,80 per l", "product_url": "https://kolonial.no/produkter/19972-frydenlund-frydenlund-bayer-6-x-05l/", "kolonial_id": "19972"},
  {"category": "\u00d8l", "category_list": ["Alle varer", "\u00d8l, cider og rusbrus", "\u00d8l"], "title": "Ringnes Lite", "price": 269.0, "product_variant": "10 x 0,33l, 3,3 l", "quantity_info": [[10.0, "x"], [0.33, "l"], [3.3, "l"]], "image_url": "/media/uploads/public/0/20/82420-81a79-product_list.jpg", "unit_price_raw": "kr 81,52 per l", "product_url": "https://kolonial.no/produkter/20092-ringnes-ringnes-lite-10-x-033l/", "kolonial_id": "20092"},
  {"category": "Potetchips og snacks", "category_list": ["Alle varer", "Snacks og godteri", "Potetchips og snacks"], "title": "Totenflak Salta", "price": 28.8, "product_variant": "180 g", "quantity_info": [[180.0, "g"]], "image_url": "/media/uploads/public/151/301/970301-34af5-product_list.jpg", "unit_price_raw": "kr 160,00 per kg", "product_url": "https://kolonial.no/produkter/21199-kims-totenflak-salta/", "kolonial_id": "21199"},
  {"category": "Potetchips og snacks", "category_list": ["Alle varer", "Snacks og godteri", "Potetchips og snacks"], "title": "Totenflak Ost & Gr\u00f8nn Paprika", "price": 30.9, "product_variant": "180 g", "quantity_info": [[180.0, "g"]], "image_url": "/media/uploads/public/337/307/970307-7a5dd-product_list.jpg", "unit_price_raw": "kr 171,67 per kg", "product_url": "https://kolonial.no/produkter/21205-kims-totenflak-ost-gronn-paprika/", "kolonial_id": "21205"},
  {"category": "Syltet\u00f8y", "category_list": ["Alle varer", "P\u00e5legg", "Syltet\u00f8y"], "title": "R\u00f8rte Tytteb\u00e6r Gourmet", "price": 36.0, "product_variant": "200 g", "quantity_info": [[200.0, "g"]], "image_url": "/media/uploads/public/75/315/373915-4eef5-product_list.jpg", "unit_price_raw": "kr 180,00 per kg", "product_url": "https://kolonial.no/produkter/25666-loiten-rorte-tyttebaer-gourmet/", "kolonial_id": "25666"},
  {"category": "Syltet\u00f8y", "category_list": ["Alle varer", "P\u00e5legg", "Syltet\u00f8y"], "title": "Solb\u00e6rgele", "price": 33.9, "product_variant": "200 g", "quantity_info": [[200.0, "g"]], "image_url": "/media/uploads/public/263/201/325001-c316f-product_list.jpg", "unit_price_raw": "kr 169,50 per kg", "product_url": "https://kolonial.no/produkter/25657-loiten-solbaergele/", "kolonial_id": "25657"},
  {"category": "Ferdigsauser", "category_list": ["Alle varer", "Middager og tilbeh\u00f8r", "Ferdigsauser"], "title": "Chipotle Chili Mayo", "price": 10.0, "product_variant": "Taste Lab, 140 g", "quantity_info": [[140.0, "g"]], "image_url": "/media/uploads/public/20/189/969789-53025-product_list.jpg", "unit_price_raw": "kr 71,43 per kg", "product_url": "https://kolonial.no/produkter/24094-rema-1000-chipotle-chili-mayo-taste-lab/", "kolonial_id": "24094"},
  {"category": "Ferdigsauser", "category_list": ["Alle varer", "Middager og tilbeh\u00f8r", "Ferdigsauser"], "title": "Ferdigsaus Pepper", "price": 35.9, "product_variant": "300 ml", "quantity_info": [[300.0, "ml"]], "image_url": "/media/uploads/public/115/142/201742-5375a-product_list.jpg", "unit_price_raw": "kr 119,67 per l", "product_url": "https://kolonial.no/produkter/25406-knorr-ferdigsaus-pepper/", "kolonial_id": "25406"},
  {"category": "Godteri", "category_list": ["Alle varer", "Snacks og godteri", "Godteri"], "title": "Salt Sild Original", "price": 33.5, "product_variant": "100 g", "quantity_info": [[100.0, "g"]], "image_url": "/media/uploads/public/150/74/973274-8edc2-product_list.jpg", "unit_price_raw": "kr 335,00 per kg", "product_url": "https://kolonial.no/produkter/27329-malaco-salt-sild-original/", "kolonial_id": "27329"},
  {"category": "Godteri", "category_list": ["Alle varer", "Snacks og godteri", "Godteri"], "title": "Sur Sild Original", "price": 33.5, "product_variant": "100 g", "quantity_info": [[100.0, "g"]], "image_url": "/media/uploads/public/101/183/973383-4b259-product_list.jpg", "unit_price_raw": "kr 335,00 per kg", "product_url": "https://kolonial.no/produkter/27330-malaco-sur-sild-original/", "kolonial_id": "27330"},
  {"category": "Mel og sukker", "category_list": ["Alle varer", "Mel og bakeingredienser", "Mel og sukker"], "title": "Griljermel", "price": 34.5, "product_variant": "400 g", "quantity_info": [[400.0, "g"]], "image_url": "/media/uploads/public/29/196/964996-4e76d-product_list.jpg", "unit_price_raw": "kr 86,25 per kg", "product_url": "https://kolonial.no/produkter/40-ideal-griljermel-400g/", "kolonial_id": "40"},
  {"category": "Sportsdrikke", "category_list": ["Alle varer", "Trening", "Sportsdrikke"], "title": "Maxim Clear Protein Peach", "price": 26.8, "product_variant": "26 g", "quantity_info": [[26.0, "g"]], "image_url": "/media/uploads/public/179/388/973588-68e0f-product_list.jpg", "unit_price_raw": "kr 1030,77 per kg", "product_url": "https://kolonial.no/produkter/27468-maxim-maxim-clear-protein-peach/", "kolonial_id": "27468"},
  {"category": "Sportsdrikke", "category_list": ["Alle varer", "Trening", "Sportsdrikke"], "title": "YT proteinrik sjokoshake", "price": 19.9, "product_variant": "220 ml", "quantity_info": [[220.0, "ml"]], "image_url": "/media/uploads/public/275/397/1012397-75140-product_list.jpg", "unit_price_raw": "kr 90,45 per l", "product_url": "https://kolonial.no/produkter/28079-tine-yt-proteinrik-sjokoshake/", "kolonial_id": "28079"},
  {"category": "Sjokolade", "category_list": ["Alle varer", "Snacks og godteri", "Sjokolade"], "title": "Walters Karamell", "price": 48.5, "product_variant": "190 g", "quantity_info": [[190.0, "g"]], "image_url": "/media/uploads/public/375/214/616614-48070-product_list.jpg", "unit_price_raw": "kr 255,26 per kg", "product_url": "https://kolonial.no/produkter/26493-freia-walters-karamell/", "kolonial_id": "26493"},
  {"category": "Sjokolade", "category_list": ["Alle varer", "Snacks og godteri", "Sjokolade"], "title": "Melkesjokolade med Smil Karamellfudge-Havsalt", "price": 51.4, "product_variant": "Karamellfudge-Havsalt, 190 g", "quantity_info": [[190.0, "g"]], "image_url": "/media/uploads/public/373/229/370229-5723f-product_list.jpg", "unit_price_raw": "kr 270,53 per kg", "product_url": "https://kolonial.no/produkter/25930-freia-melkesjokolade-med-smil-karamellfudge-havsal/", "kolonial_id": "25930"},
  {"category": "Porsjonsis", "category_list": ["Alle varer", "Is og desserter", "Porsjonsis"], "title": "Krone-Is Jordb\u00e6r", "price": 49.9, "product_variant": "6pk, 1 stk", "quantity_info": [[6.0, "pk"], [1.0, "stk"]], "image_url": "/media/uploads/public/0/84/5284-4b810-product_list.jpg", "unit_price_raw": "kr 49,90 per stk", "product_url": "https://kolonial.no/produkter/3166-diplom-krone-jordbaer-6pk/", "kolonial_id": "3166"},
  {"category": "Dessert", "category_list": ["Alle varer", "Is og desserter", "Dessert"], "title": "Sjokoladepudding", "price": 19.8, "product_variant": "113 g", "quantity_info": [[113.0, "g"]], "image_url": "/media/uploads/public/89/251/964651-9cb05-product_list.jpg", "unit_price_raw": "kr 175,22 per kg", "product_url": "https://kolonial.no/produkter/14332-freia-sjokoladepudding/", "kolonial_id": "14332"},
  {"category": "Dessert", "category_list": ["Alle varer", "Is og desserter", "Dessert"], "title": "Sjokolademousse Sjokobiter", "price": 26.8, "product_variant": "100 g", "quantity_info": [[100.0, "g"]], "image_url": "/media/uploads/public/298/309/964709-bfa6a-product_list.jpg", "unit_price_raw": "kr 268,00 per kg", "product_url": "https://kolonial.no/produkter/77-freia-sjokolademousse-sjokobiter/", "kolonial_id": "77"},
  {"category": "Alkoholfritt", "category_list": ["Alle varer", "\u00d8l, cider og rusbrus", "Alkoholfritt"], "title": "Grans Fri", "price": 6.9, "product_variant": "0,33 l", "quantity_info": [[0.33, "l"]], "image_url": "/media/uploads/public/227/242/1011842-dfe83-product_list.jpg", "unit_price_raw": "kr 20,91 per l", "product_url": "https://kolonial.no/produkter/24917-grans-bryggeri-grans-fri/", "kolonial_id": "24917"},
  {"category": "Is i boks", "category_list": ["Alle varer", "Is og desserter", "Is i boks"], "title": "Topped Salted Caramel Brownie Iskrem", "price": 90.6, "product_variant": "500 ml", "quantity_info": [[500.0, "ml"]], "image_url": "/media/uploads/public/85/138/262538-c0398-product_list.jpg", "unit_price_raw": "kr 181,20 per l", "product_url": "https://kolonial.no/produkter/25528-ben-jerrys-topped-salted-caramel-brownie-iskrem/", "kolonial_id": "25528"},
  {"category": "S\u00e5pe", "category_list": ["Alle varer", "Shampo, s\u00e5pe og krem", "S\u00e5pe"], "title": "Krems\u00e5pe Fast", "price": 20.3, "product_variant": "100 g", "quantity_info": [[100.0, "g"]], "image_url": "/media/uploads/public/384/116/964916-22feb-product_list.jpg", "unit_price_raw": "kr 203,00 per kg", "product_url": "https://kolonial.no/produkter/6997-dove-kremsape-fast-100g/", "kolonial_id": "6997"},
  {"category": "S\u00e5pe", "category_list": ["Alle varer", "Shampo, s\u00e5pe og krem", "S\u00e5pe"], "title": "H\u00e5nds\u00e5pe Savon Liquide", "price": 31.8, "product_variant": "Assortert Variant, 0,5 l", "quantity_info": [[0.5, "l"]], "image_url": "/media/uploads/public/386/82/188082-ed725-product_list.jpg", "unit_price_raw": "kr 63,60 per l", "product_url": "https://kolonial.no/produkter/25109-rema-1000-handsape-savon-liquide-assortert-variant/", "kolonial_id": "25109"},
  {"category": "Spesial\u00f8l og import", "category_list": ["Alle varer", "\u00d8l, cider og rusbrus", "Spesial\u00f8l og import"], "title": "Sagene Amber Ale", "price": 43.5, "product_variant": "0,33 l", "quantity_info": [[0.33, "l"]], "image_url": "/media/uploads/public/384/339/973939-2996b-product_list.jpg", "unit_price_raw": "kr 131,82 per l", "product_url": "https://kolonial.no/produkter/21250-sagene-pilsner-sagene-amber-ale/", "kolonial_id": "21250"},
  {"category": "Spesial\u00f8l og import", "category_list": ["Alle varer", "\u00d8l, cider og rusbrus", "Spesial\u00f8l og import"], "title": "Sagene Stout", "price": 51.7, "product_variant": "0,33 l", "quantity_info": [[0.33, "l"]], "image_url": "/media/uploads/public/137/350/970350-48310-product_list.jpg", "unit_price_raw": "kr 156,67 per l", "product_url": "https://kolonial.no/produkter/21343-sagene-pilsner-sagene-stout/", "kolonial_id": "21343"},
  {"category": "Kjeks", "category_list": ["Alle varer", "Kaker, kjeks og desserter", "Kjeks"], "title": "Fine Cheese Toast", "price": 73.9, "product_variant": "Dadler, N\u00f8tter & Gresskarfr\u00f8, 100 g", "quantity_info": [[100.0, "g"]], "image_url": "/media/uploads/public/0/257/64657-e8616-product_list.jpg", "unit_price_raw": "kr 739,00 per kg", "product_url": "https://kolonial.no/produkter/18541-fine-cheese-co-fine-cheese-toast-dadler-notter-gre/", "kolonial_id": "18541"},
  {"category": "\u00d8l", "category_list": ["Alle varer", "\u00d8l, cider og rusbrus", "\u00d8l"], "title": "Ringnes Pilsner", "price": 137.4, "product_variant": "6 x 0,33 liter, 1,98 l", "quantity_info": [[6.0, "x"], [0.33, "liter"], [1.98, "l"]], "image_url": "/media/uploads/public/352/130/928530-17c31-product_list.jpg", "unit_price_raw": "kr 69,39 per l", "product_url": "https://kolonial.no/produkter/7885-ringnes-ringnes-pilsner-6-x-033-liter/", "kolonial_id": "7885"},
  {"category": "\u00d8l", "category_list": ["Alle varer", "\u00d8l, cider og rusbrus", "\u00d8l"], "title": "Sagene Pilsner", "price": 31.1, "product_variant": "Flaske, 0,33 l", "quantity_info": [[0.33, "l"]], "image_url": "/media/uploads/public/90/25/967625-4d54e-product_list.jpg", "unit_price_raw": "kr 94,24 per l", "product_url": "https://kolonial.no/produkter/10043-sagene-pilsner-sagene-pilsner-033l-flaske/", "kolonial_id": "10043"},
  {"category": "Potetchips og snacks", "category_list": ["Alle varer", "Snacks og godteri", "Potetchips og snacks"], "title": "Totenflak Salta & Pepra", "price": 29.9, "product_variant": "1 stk", "quantity_info": [[1.0, "stk"]], "image_url": "/media/uploads/public/315/102/973302-f77a1-product_list.jpg", "unit_price_raw": "kr 29,90 per stk", "product_url": "https://kolonial.no/produkter/27277-kims-totenflak-salta-pepra/", "kolonial_id": "27277"},
  {"category": "Potetchips og snacks", "category_list": ["Alle varer", "Snacks og godteri", "Potetchips og snacks"], "title": "Havsalt", "price": 18.0, "product_variant": "200 g", "quantity_info": [[200.0, "g"]], "image_url": "/media/uploads/public/144/347/973147-9d851-product_list.jpg", "unit_price_raw": "kr 90,00 per kg", "product_url": "https://kolonial.no/produkter/260-sorlandschips-havsalt/", "kolonial_id": "260"},
  {"category": "Syltet\u00f8y", "category_list": ["Alle varer", "P\u00e5legg", "Syltet\u00f8y"], "title": "Solb\u00e6rsyltet\u00f8y", "price": 33.9, "product_variant": "200 g", "quantity_info": [[200.0, "g"]], "image_url": "/media/uploads/public/248/317/373917-db5c7-product_list.jpg", "unit_price_raw": "kr 169,50 per kg", "product_url": "https://kolonial.no/produkter/25674-loiten-solbaersyltetoy/", "kolonial_id": "25674"},
  {"category": "Syltet\u00f8y", "category_list": ["Alle varer", "P\u00e5legg", "Syltet\u00f8y"], "title": "Appelsinmarmelade", "price": 21.8, "product_variant": "1 kg", "quantity_info": [[1.0, "kg"]], "image_url": "/media/uploads/public/325/349/965149-32770-product_list.jpg", "unit_price_raw": "kr 21,80 per kg", "product_url": "https://kolonial.no/produkter/8344-rema-1000-appelsinmarmelade-1kg/", "kolonial_id": "8344"},
  {"category": "Ferdigsauser", "category_list": ["Alle varer", "Middager og tilbeh\u00f8r", "Ferdigsauser"], "title": "Fl\u00f8tesaus", "price": 10.0, "product_variant": "220 ml", "quantity_info": [[220.0, "ml"]], "image_url": "/media/uploads/public/240/177/971777-551a4-product_list.jpg", "unit_price_raw": "kr 45,45 per l", "product_url": "https://kolonial.no/produkter/24045-rema-1000-flotesaus/", "kolonial_id": "24045"},
  {"category": "Ferdigsauser", "category_list": ["Alle varer", "Middager og tilbeh\u00f8r", "Ferdigsauser"], "title": "Hollandaise", "price": 10.0, "product_variant": "180 g", "quantity_info": [[180.0, "g"]], "image_url": "/media/uploads/public/378/288/625088-b29f5-product_list.jpg", "unit_price_raw": "kr 55,56 per kg", "product_url": "https://kolonial.no/produkter/24549-rema-1000-hollandaise/", "kolonial_id": "24549"},
  {"category": "Godteri", "category_list": ["Alle varer", "Snacks og godteri", "Godteri"], "title": "Bassetts Liquorice Allsorts", "price": 38.4, "product_variant": "190 g", "quantity_info": [[190.0, "g"]], "image_url": "/media/uploads/public/370/305/188305-87620-product_list.jpg", "unit_price_raw": "kr 202,11 per kg", "product_url": "https://kolonial.no/produkter/25374-bassetts-liquorice-allsorts/", "kolonial_id": "25374"},
  {"category": "Mel og sukker", "category_list": ["Alle varer", "Mel og bakeingredienser", "Mel og sukker"], "title": "Hvete Sammalt", "price": 13.1, "product_variant": "Fin, 1 kg", "quantity_info": [[1.0, "kg"]], "image_url": "/media/uploads/public/25/118/965318-c47de-product_list.jpg", "unit_price_raw": "kr 13,10 per kg", "product_url": "https://kolonial.no/produkter/36-mollerens-hvete-sammalt-fin/", "kolonial_id": "36"},
  {"category": "Mel og sukker", "category_list": ["Alle varer", "Mel og bakeingredienser", "Mel og sukker"], "title": "Byggmel Siktet", "price": 18.4, "product_variant": "1 kg", "quantity_info": [[1.0, "kg"]], "image_url": "/media/uploads/public/63/132/965332-92c82-product_list.jpg", "unit_price_raw": "kr 18,40 per kg", "product_url": "https://kolonial.no/produkter/12886-mollerens-byggmel-siktet-1kg/", "kolonial_id": "12886"},
  {"category": "Sjokolade", "category_list": ["Alle varer", "Snacks og godteri", "Sjokolade"], "title": "Japp Smakfull Pean\u00f8tt og Karamell", "price": 54.9, "product_variant": "276 g", "quantity_info": [[276.0, "g"]], "image_url": "/media/uploads/public/219/60/973660-afdbb-product_list.jpg", "unit_price_raw": "kr 198,91 per kg", "product_url": "https://kolonial.no/produkter/27551-freia-japp-smakfull-peanott-og-karamell/", "kolonial_id": "27551"},
  {"category": "Julens fisk og sj\u00f8mat", "category_list": ["Alle varer", "Fisk og sj\u00f8mat", "Julens fisk og sj\u00f8mat"], "title": "Wangensten Rakfisk Vellagret", "price": 99.0, "product_variant": "250 g", "quantity_info": [[250.0, "g"]], "image_url": "/media/uploads/public/206/9/981209-19e7c-product_list.jpg", "unit_price_raw": "kr 396,00 per kg", "product_url": "https://kolonial.no/produkter/27927-wangensten-rakfisk-vellagret/", "kolonial_id": "27927"},
  {"category": "Porsjonsis", "category_list": ["Alle varer", "Is og desserter", "Porsjonsis"], "title": "Krone-Is Sjokolade", "price": 49.9, "product_variant": "6pk, 6 stk", "quantity_info": [[6.0, "pk"], [6.0, "stk"]], "image_url": "/media/uploads/public/0/75/5275-c8cf8-product_list.jpg", "unit_price_raw": "kr 8,32 per stk", "product_url": "https://kolonial.no/produkter/3175-diplom-krone-sjokolade-6pk/", "kolonial_id": "3175"},
  {"category": "Porsjonsis", "category_list": ["Alle varer", "Is og desserter", "Porsjonsis"], "title": "Gelato Pinneis med Sjokolade", "price": 60.9, "product_variant": "Melkefri, Glutenfri, 250 g", "quantity_info": [[250.0, "g"]], "image_url": "/media/uploads/public/0/225/83425-3d413-product_list.jpg", "unit_price_raw": "kr 20,30 per stk", "product_url": "https://kolonial.no/produkter/20590-valsoia-gelato-pinneis-med-sjokolade-melkefri-glut/", "kolonial_id": "20590"},
  {"category": "Dessert", "category_list": ["Alle varer", "Is og desserter", "Dessert"], "title": "Sjokolademousse Daim", "price": 19.3, "product_variant": "100 g", "quantity_info": [[100.0, "g"]], "image_url": "/media/uploads/public/317/308/964708-667dd-product_list.jpg", "unit_price_raw": "kr 193,00 per kg", "product_url": "https://kolonial.no/produkter/14335-freia-sjokolademousse-daim-100g/", "kolonial_id": "14335"},
  {"category": "Is i boks", "category_list": ["Alle varer", "Is og desserter", "Is i boks"], "title": "Cookie Dough Iskrem", "price": 72.9, "product_variant": "500 ml", "quantity_info": [[500.0, "ml"]], "image_url": "/media/uploads/public/49/139/262539-f7c73-product_list.jpg", "unit_price_raw": "kr 145,80 per l", "product_url": "https://kolonial.no/produkter/25530-ben-jerrys-cookie-dough-iskrem/", "kolonial_id": "25530"},
  {"category": "Is i boks", "category_list": ["Alle varer", "Is og desserter", "Is i boks"], "title": "Half Baked Iskrem", "price": 73.0, "product_variant": "500 ml", "quantity_info": [[500.0, "ml"]], "image_url": "/media/uploads/public/38/137/262537-bd327-product_list.jpg", "unit_price_raw": "kr 146,00 per l", "product_url": "https://kolonial.no/produkter/25529-ben-jerrys-half-baked-iskrem/", "kolonial_id": "25529"},
  {"category": "S\u00e5pe", "category_list": ["Alle varer", "Shampo, s\u00e5pe og krem", "S\u00e5pe"], "title": "H\u00e5nds\u00e5pe Med Pumpe", "price": 11.5, "product_variant": "500 ml", "quantity_info": [[500.0, "ml"]], "image_url": "/media/uploads/public/272/271/966271-b804c-product_list.jpg", "unit_price_raw": "kr 23,00 per l", "product_url": "https://kolonial.no/produkter/5245-soft-style-handsape-med-pumpe-500ml/", "kolonial_id": "5245"},
  {"category": "S\u00e5pe", "category_list": ["Alle varer", "Shampo, s\u00e5pe og krem", "S\u00e5pe"], "title": "Rene Hender", "price": 24.9, "product_variant": "Uten S\u00e5pe og Vann, 50 ml", "quantity_info": [[50.0, "ml"]], "image_url": "/media/uploads/public/178/280/964280-9da34-product_list.jpg", "unit_price_raw": "kr 498,00 per l", "product_url": "https://kolonial.no/produkter/14101-rene-hender-uten-sape-og-vann/", "kolonial_id": "14101"},
  {"category": "Spesial\u00f8l og import", "category_list": ["Alle varer", "\u00d8l, cider og rusbrus", "Spesial\u00f8l og import"], "title": "New England Pale Ale", "price": 53.5, "product_variant": "0,5 l", "quantity_info": [[0.5, "l"]], "image_url": "/media/uploads/public/257/51/411251-8a999-product_list.jpg", "unit_price_raw": "kr 107,00 per l", "product_url": "https://kolonial.no/produkter/26164-noisom-new-england-pale-ale/", "kolonial_id": "26164"},
  {"category": "Spesial\u00f8l og import", "category_list": ["Alle varer", "\u00d8l, cider og rusbrus", "Spesial\u00f8l og import"], "title": "Birdie Num Num", "price": 53.5, "product_variant": "0,5 l", "quantity_info": [[0.5, "l"]], "image_url": "/media/uploads/public/76/390/971990-1599b-product_list.jpg", "unit_price_raw": "kr 107,00 per l", "product_url": "https://kolonial.no/produkter/24533-noisom-birdie-num-num/", "kolonial_id": "24533"},
  {"category": "Kjeks", "category_list": ["Alle varer", "Kaker, kjeks og desserter", "Kjeks"], "title": "Tom & Jerry", "price": 25.2, "product_variant": "175 g", "quantity_info": [[175.0, "g"]], "image_url": "/media/uploads/public/240/307/968307-a5089-product_list.jpg", "unit_price_raw": "kr 144,00 per kg", "product_url": "https://kolonial.no/produkter/14491-saetre-tom-jerry/", "kolonial_id": "14491"},
  {"category": "\u00d8l", "category_list": ["Alle varer", "\u00d8l, cider og rusbrus", "\u00d8l"], "title": "Sagene Lys Sommer", "price": 33.0, "product_variant": "0,33 l", "quantity_info": [[0.33, "l"]], "image_url": "/media/uploads/public/347/93/968093-fcda6-product_list.jpg", "unit_price_raw": "kr 100,00 per l", "product_url": "https://kolonial.no/produkter/13105-sagene-pilsner-sagene-lys-sommer/", "kolonial_id": "13105"},
  {"category": "Potetchips og snacks", "category_list": ["Alle varer", "Snacks og godteri", "Potetchips og snacks"], "title": "Spansk Paprika", "price": 24.9, "product_variant": "200 g", "quantity_info": [[200.0, "g"]], "image_url": "/media/uploads/public/135/169/966969-5e3a6-product_list.jpg", "unit_price_raw": "kr 124,50 per kg", "product_url": "https://kolonial.no/produkter/3676-sorlandschips-spansk-paprika/", "kolonial_id": "3676"},
  {"category": "Potetchips og snacks", "category_list": ["Alle varer", "Snacks og godteri", "Potetchips og snacks"], "title": "Creme Fraiche", "price": 23.3, "product_variant": "200 g", "quantity_info": [[200.0, "g"]], "image_url": "/media/uploads/public/207/184/966984-ebf4d-product_list.jpg", "unit_price_raw": "kr 116,50 per kg", "product_url": "https://kolonial.no/produkter/3679-sorlandschips-creme-fraiche/", "kolonial_id": "3679"},
  {"category": "Syltet\u00f8y", "category_list": ["Alle varer", "P\u00e5legg", "Syltet\u00f8y"], "title": "Bringeb\u00e6rsyltet\u00f8y", "price": 25.1, "product_variant": "1 kg", "quantity_info": [[1.0, "kg"]], "image_url": "/media/uploads/public/125/340/965140-879d7-product_list.jpg", "unit_price_raw": "kr 25,10 per kg", "product_url": "https://kolonial.no/produkter/8350-rema-1000-bringebaersyltetoy-1kg/", "kolonial_id": "8350"},
  {"category": "Syltet\u00f8y", "category_list": ["Alle varer", "P\u00e5legg", "Syltet\u00f8y"], "title": "Jordb\u00e6rsyltet\u00f8y", "price": 21.8, "product_variant": "1 kg", "quantity_info": [[1.0, "kg"]], "image_url": "/media/uploads/public/100/75/968075-122c8-product_list.jpg", "unit_price_raw": "kr 21,80 per kg", "product_url": "https://kolonial.no/produkter/8348-rema-1000-jordbaersyltetoy-1kg/", "kolonial_id": "8348"},
  {"category": "Ferdigsauser", "category_list": ["Alle varer", "Middager og tilbeh\u00f8r", "Ferdigsauser"], "title": "Pad Thai Wok", "price": 22.2, "product_variant": "150 g", "quantity_info": [[150.0, "g"]], "image_url": "/media/uploads/public/169/10/155210-275ef-product_list.jpg", "unit_price_raw": "kr 148,00 per kg", "product_url": "https://kolonial.no/produkter/25021-santa-maria-pad-thai-wok/", "kolonial_id": "25021"},
  {"category": "Godteri", "category_list": ["Alle varer", "Snacks og godteri", "Godteri"], "title": "Gompemix", "price": 26.2, "product_variant": "70 g", "quantity_info": [[70.0, "g"]], "image_url": "/media/uploads/public/169/231/1021431-7e3ac-product_list.jpg", "unit_price_raw": "kr 374,29 per kg", "product_url": "https://kolonial.no/produkter/25636-brynild-gompemix/", "kolonial_id": "25636"},
  {"category": "Godteri", "category_list": ["Alle varer", "Snacks og godteri", "Godteri"], "title": "Giant Love Hearts", "price": 17.6, "product_variant": "50 g", "quantity_info": [[50.0, "g"]], "image_url": "/media/uploads/public/162/84/968484-3b7ea-product_list.jpg", "unit_price_raw": "kr 352,00 per kg", "product_url": "https://kolonial.no/produkter/16197-giant-love-hearts/", "kolonial_id": "16197"},
  {"category": "Mel og sukker", "category_list": ["Alle varer", "Mel og bakeingredienser", "Mel og sukker"], "title": "Kruskakli Hvete", "price": 16.2, "product_variant": "400 g", "quantity_info": [[400.0, "g"]], "image_url": "/media/uploads/public/376/341/971141-cabd8-product_list.jpg", "unit_price_raw": "kr 40,50 per kg", "product_url": "https://kolonial.no/produkter/23338-mollerens-kruskakli-hvete/", "kolonial_id": "23338"},
  {"category": "Sjokolade", "category_list": ["Alle varer", "Snacks og godteri", "Sjokolade"], "title": "Smakfull Toffee Heln\u00f8tt", "price": 50.9, "product_variant": "300 g", "quantity_info": [[300.0, "g"]], "image_url": "/media/uploads/public/175/215/616615-90423-product_list.jpg", "unit_price_raw": "kr 169,67 per kg", "product_url": "https://kolonial.no/produkter/26494-freia-smakfull-toffee-helnott/", "kolonial_id": "26494"},
  {"category": "Sjokolade", "category_list": ["Alle varer", "Snacks og godteri", "Sjokolade"], "title": "Oreo Smakfull", "price": 51.6, "product_variant": "320 g", "quantity_info": [[320.0, "g"]], "image_url": "/media/uploads/public/112/189/370189-5d37b-product_list.jpg", "unit_price_raw": "kr 161,25 per kg", "product_url": "https://kolonial.no/produkter/25891-freia-oreo-smakfull/", "kolonial_id": "25891"},
  {"category": "Porsjonsis", "category_list": ["Alle varer", "Is og desserter", "Porsjonsis"], "title": "Iigelato Kroneis Melkefri", "price": 60.9, "product_variant": "300 g", "quantity_info": [[300.0, "g"]], "image_url": "/media/uploads/public/194/210/1003410-7cc41-product_list.jpg", "unit_price_raw": "kr 15,23 per stk", "product_url": "https://kolonial.no/produkter/28055-valsoia-iigelato-kroneis-melkefri/", "kolonial_id": "28055"},
  {"category": "Dessert", "category_list": ["Alle varer", "Is og desserter", "Dessert"], "title": "Piano Karamellpudding", "price": 32.9, "product_variant": "1 l", "quantity_info": [[1.0, "l"]], "image_url": "/media/uploads/public/0/65/465-efe8e-product_list.jpg", "unit_price_raw": "kr 32,90 per l", "product_url": "https://kolonial.no/produkter/84-tine-piano-karamellpudding-1l/", "kolonial_id": "84"},
  {"category": "Is i boks", "category_list": ["Alle varer", "Is og desserter", "Is i boks"], "title": "One Sweet World Iskrem", "price": 73.0, "product_variant": "500 ml", "quantity_info": [[500.0, "ml"]], "image_url": "/media/uploads/public/102/134/262534-700a7-product_list.jpg", "unit_price_raw": "kr 146,00 per l", "product_url": "https://kolonial.no/produkter/25525-ben-jerrys-one-sweet-world-iskrem/", "kolonial_id": "25525"},
  {"category": "Is i boks", "category_list": ["Alle varer", "Is og desserter", "Is i boks"], "title": "Royal Vanilje fra Madagaskar", "price": 57.5, "product_variant": "0,9 l", "quantity_info": [[0.9, "l"]], "image_url": "/media/uploads/public/182/76/970076-f3201-product_list.jpg", "unit_price_raw": "kr 63,89 per l", "product_url": "https://kolonial.no/produkter/19840-diplom-royal-vanilje-fra-madagaskar/", "kolonial_id": "19840"},
  {"category": "S\u00e5pe", "category_list": ["Alle varer", "Shampo, s\u00e5pe og krem", "S\u00e5pe"], "title": "Sensitive Intimvask", "price": 66.0, "product_variant": "400 ml", "quantity_info": [[400.0, "ml"]], "image_url": "/media/uploads/public/225/72/730472-75e63-product_list.jpg", "unit_price_raw": "kr 165,00 per l", "product_url": "https://kolonial.no/produkter/25038-dr-greve-sensitive-intimvask/", "kolonial_id": "25038"},
  {"category": "Spesial\u00f8l og import", "category_list": ["Alle varer", "\u00d8l, cider og rusbrus", "Spesial\u00f8l og import"], "title": "Bearded Porter", "price": 53.5, "product_variant": "0,5 l", "quantity_info": [[0.5, "l"]], "image_url": "/media/uploads/public/334/354/971954-b0e29-product_list.jpg", "unit_price_raw": "kr 107,00 per l", "product_url": "https://kolonial.no/produkter/24531-noisom-bearded-porter/", "kolonial_id": "24531"},
  {"category": "Spesial\u00f8l og import", "category_list": ["Alle varer", "\u00d8l, cider og rusbrus", "Spesial\u00f8l og import"], "title": "Hvete\u00f8l", "price": 53.5, "product_variant": "0,5 l", "quantity_info": [[0.5, "l"]], "image_url": "/media/uploads/public/292/387/971987-97a1f-product_list.jpg", "unit_price_raw": "kr 107,00 per l", "product_url": "https://kolonial.no/produkter/24530-noisom-hveteol/", "kolonial_id": "24530"},
  {"category": "Kjeks", "category_list": ["Alle varer", "Kaker, kjeks og desserter", "Kjeks"], "title": "Bixit", "price": 24.2, "product_variant": "Sjokolade, 200 g", "quantity_info": [[200.0, "g"]], "image_url": "/media/uploads/public/23/17/973217-5460b-product_list.jpg", "unit_price_raw": "kr 121,00 per kg", "product_url": "https://kolonial.no/produkter/351-saetre-bixit-sjokolade-200g/", "kolonial_id": "351"},
  {"category": "Kjeks", "category_list": ["Alle varer", "Kaker, kjeks og desserter", "Kjeks"], "title": "Bixit Orginal", "price": 19.5, "product_variant": "300 g", "quantity_info": [[300.0, "g"]], "image_url": "/media/uploads/public/89/28/973228-d2c18-product_list.jpg", "unit_price_raw": "kr 65,00 per kg", "product_url": "https://kolonial.no/produkter/1660-saetre-bixit-orginal-300g/", "kolonial_id": "1660"},
  {"category": "\u00d8l", "category_list": ["Alle varer", "\u00d8l, cider og rusbrus", "\u00d8l"], "title": "Carlsberg Pilsner", "price": 36.4, "product_variant": "Flaske, 0,33 l", "quantity_info": [[0.33, "l"]], "image_url": "/media/uploads/public/193/395/996395-b2297-product_list.jpg", "unit_price_raw": "kr 110,30 per l", "product_url": "https://kolonial.no/produkter/20155-carlsberg-carlsberg-pilsner-flaske/", "kolonial_id": "20155"},
  {"category": "\u00d8l", "category_list": ["Alle varer", "\u00d8l, cider og rusbrus", "\u00d8l"], "title": "Heineken", "price": 32.6, "product_variant": "0,33 l", "quantity_info": [[0.33, "l"]], "image_url": "/media/uploads/public/52/287/973487-c8001-product_list.jpg", "unit_price_raw": "kr 98,79 per l", "product_url": "https://kolonial.no/produkter/2416-heineken-heineken-033-liter/", "kolonial_id": "2416"},
  {"category": "Potetchips og snacks", "category_list": ["Alle varer", "Snacks og godteri", "Potetchips og snacks"], "title": "Kettle Chips Sweet Chili", "price": 39.6, "product_variant": "150 g", "quantity_info": [[150.0, "g"]], "image_url": "/media/uploads/public/0/52/98452-84a78-product_list.jpg", "unit_price_raw": "kr 264,00 per kg", "product_url": "https://kolonial.no/produkter/22210-kettle-kettle-chips-sweet-chili/", "kolonial_id": "22210"},
  {"category": "Potetchips og snacks", "category_list": ["Alle varer", "Snacks og godteri", "Potetchips og snacks"], "title": "Kettle Chips Salt", "price": 40.8, "product_variant": "150 g", "quantity_info": [[150.0, "g"]], "image_url": "/media/uploads/public/0/124/98524-3a601-product_list.jpg", "unit_price_raw": "kr 272,00 per kg", "product_url": "https://kolonial.no/produkter/22276-kettle-kettle-chips-salt/", "kolonial_id": "22276"},
  {"category": "Syltet\u00f8y", "category_list": ["Alle varer", "P\u00e5legg", "Syltet\u00f8y"], "title": "Bl\u00e5b\u00e6rsyltet\u00f8y", "price": 27.8, "product_variant": "1 kg", "quantity_info": [[1.0, "kg"]], "image_url": "/media/uploads/public/250/355/965155-32b13-product_list.jpg", "unit_price_raw": "kr 27,80 per kg", "product_url": "https://kolonial.no/produkter/8346-rema-1000-blabaersyltetoy-1kg/", "kolonial_id": "8346"},
  {"category": "Ferdigsauser", "category_list": ["Alle varer", "Middager og tilbeh\u00f8r", "Ferdigsauser"], "title": "Soy & Sweet Chili Wok", "price": 24.1, "product_variant": "150 g", "quantity_info": [[150.0, "g"]], "image_url": "/media/uploads/public/107/9/155209-121c8-product_list.jpg", "unit_price_raw": "kr 160,67 per kg", "product_url": "https://kolonial.no/produkter/25020-santa-maria-soy-sweet-chili-wok/", "kolonial_id": "25020"},
  {"category": "Ferdigsauser", "category_list": ["Alle varer", "Middager og tilbeh\u00f8r", "Ferdigsauser"], "title": "Paprikasaus", "price": 10.0, "product_variant": "220 g", "quantity_info": [[220.0, "g"]], "image_url": "/media/uploads/public/135/188/971788-6f221-product_list.jpg", "unit_price_raw": "kr 45,45 per kg", "product_url": "https://kolonial.no/produkter/24048-rema-1000-paprikasaus/", "kolonial_id": "24048"},
  {"category": "Godteri", "category_list": ["Alle varer", "Snacks og godteri", "Godteri"], "title": "Haribo Maoam Karamell", "price": 20.5, "product_variant": "5 Pak, 0,11 kg", "quantity_info": [[5.0, "Pak"], [0.11, "kg"]], "image_url": "/media/uploads/public/347/180/965780-f9b93-product_list.jpg", "unit_price_raw": "kr 186,36 per kg", "product_url": "https://kolonial.no/produkter/15465-haribo-haribo-maoam-karamell-5-pak/", "kolonial_id": "15465"},
  {"category": "Godteri", "category_list": ["Alle varer", "Snacks og godteri", "Godteri"], "title": "Badeball Kj\u00e6rlighet p\u00e5 Pinne", "price": 6.5, "product_variant": "Assortert Variant, 11 g", "quantity_info": [[11.0, "g"]], "image_url": "/media/uploads/public/116/226/1021426-1e4c5-product_list.jpg", "unit_price_raw": "kr 6,50 per stk", "product_url": "https://kolonial.no/produkter/19387-brynild-badeball-kjaerlighet-pa-pinne-assortert-va/", "kolonial_id": "19387"},
  {"category": "Mel og sukker", "category_list": ["Alle varer", "Mel og bakeingredienser", "Mel og sukker"], "title": "Semulegryn", "price": 16.1, "product_variant": "550 g", "quantity_info": [[550.0, "g"]], "image_url": "/media/uploads/public/62/188/971388-73a76-product_list.jpg", "unit_price_raw": "kr 29,27 per kg", "product_url": "https://kolonial.no/produkter/14-mollerens-semulegryn-500g/", "kolonial_id": "14"},
  {"category": "Sjokolade", "category_list": ["Alle varer", "Snacks og godteri", "Sjokolade"], "title": "Nidar Safari Storplate", "price": 49.9, "product_variant": "165 g", "quantity_info": [[165.0, "g"]], "image_url": "/media/uploads/public/9/13/980813-21b79-product_list.jpg", "unit_price_raw": "kr 302,42 per kg", "product_url": "https://kolonial.no/produkter/27947-nidar-nidar-safari-storplate/", "kolonial_id": "27947"},
  {"category": "Sjokolade", "category_list": ["Alle varer", "Snacks og godteri", "Sjokolade"], "title": "Crispo Karamell", "price": 44.8, "product_variant": "170 g", "quantity_info": [[170.0, "g"]], "image_url": "/media/uploads/public/280/82/975682-a3f2d-product_list.jpg", "unit_price_raw": "kr 263,53 per kg", "product_url": "https://kolonial.no/produkter/27899-nidar-crispo-karamell/", "kolonial_id": "27899"},
  {"category": "Dessert", "category_list": ["Alle varer", "Is og desserter", "Dessert"], "title": "Piano Karamellpudding", "price": 27.7, "product_variant": "0,5 l", "quantity_info": [[0.5, "l"]], "image_url": "/media/uploads/public/220/173/324973-6e796-product_list.jpg", "unit_price_raw": "kr 55,40 per l", "product_url": "https://kolonial.no/produkter/25622-tine-piano-karamellpudding/", "kolonial_id": "25622"},
  {"category": "Is i boks", "category_list": ["Alle varer", "Is og desserter", "Is i boks"], "title": "Royal Sjokolade", "price": 74.4, "product_variant": "0,9 l", "quantity_info": [[0.9, "l"]], "image_url": "/media/uploads/public/285/399/969999-28cd6-product_list.jpg", "unit_price_raw": "kr 82,67 per l", "product_url": "https://kolonial.no/produkter/19852-diplom-royal-sjokolade/", "kolonial_id": "19852"},
  {"category": "Is i boks", "category_list": ["Alle varer", "Is og desserter", "Is i boks"], "title": "Royal Skogsb\u00e6r & Sjokolade", "price": 73.2, "product_variant": "0,9 l", "quantity_info": [[0.9, "l"]], "image_url": "/media/uploads/public/361/6/970006-6e3b0-product_list.jpg", "unit_price_raw": "kr 81,33 per l", "product_url": "https://kolonial.no/produkter/19855-diplom-royal-skogsbaer-sjokolade/", "kolonial_id": "19855"},
  {"category": "S\u00e5pe", "category_list": ["Alle varer", "Shampo, s\u00e5pe og krem", "S\u00e5pe"], "title": "Mild Shower Gel", "price": 33.5, "product_variant": "250 ml", "quantity_info": [[250.0, "ml"]], "image_url": "/media/uploads/public/165/101/972501-ce64a-product_list.jpg", "unit_price_raw": "kr 134,00 per l", "product_url": "https://kolonial.no/produkter/893-vaseline-intensive-care-mild-shower-gel-250ml/", "kolonial_id": "893"},
  {"category": "S\u00e5pe", "category_list": ["Alle varer", "Shampo, s\u00e5pe og krem", "S\u00e5pe"], "title": "Dusjgele", "price": 31.8, "product_variant": "Uten Parfyme, 250 ml", "quantity_info": [[250.0, "ml"]], "image_url": "/media/uploads/public/11/286/964286-63eaa-product_list.jpg", "unit_price_raw": "kr 127,20 per l", "product_url": "https://kolonial.no/produkter/13996-neutral-dusjgele-uten-parfyme/", "kolonial_id": "13996"},
  {"category": "Spesial\u00f8l og import", "category_list": ["Alle varer", "\u00d8l, cider og rusbrus", "Spesial\u00f8l og import"], "title": "Bonfire Blonde", "price": 53.5, "product_variant": "0,5 l", "quantity_info": [[0.5, "l"]], "image_url": "/media/uploads/public/172/355/971955-3a02c-product_list.jpg", "unit_price_raw": "kr 107,00 per l", "product_url": "https://kolonial.no/produkter/24534-noisom-bonfire-blonde/", "kolonial_id": "24534"},
  {"category": "Spesial\u00f8l og import", "category_list": ["Alle varer", "\u00d8l, cider og rusbrus", "Spesial\u00f8l og import"], "title": "Bringeb\u00e6r og Chili Stout", "price": 53.5, "product_variant": "0,5 l", "quantity_info": [[0.5, "l"]], "image_url": "/media/uploads/public/204/374/971974-5e5de-product_list.jpg", "unit_price_raw": "kr 107,00 per l", "product_url": "https://kolonial.no/produkter/24532-noisom-bringebaer-og-chili-stout/", "kolonial_id": "24532"},
  {"category": "Kjeks", "category_list": ["Alle varer", "Kaker, kjeks og desserter", "Kjeks"], "title": "Bixit Fullkornsbar Bl\u00e5b\u00e6r", "price": 48.9, "product_variant": "240 g", "quantity_info": [[240.0, "g"]], "image_url": "/media/uploads/public/342/72/973272-a32c6-product_list.jpg", "unit_price_raw": "kr 203,75 per kg", "product_url": "https://kolonial.no/produkter/27263-saetre-bixit-fullkornsbar-blabaer/", "kolonial_id": "27263"},
  {"category": "\u00d8l", "category_list": ["Alle varer", "\u00d8l, cider og rusbrus", "\u00d8l"], "title": "Tuborg 3G", "price": 30.6, "product_variant": "0,33 l", "quantity_info": [[0.33, "l"]], "image_url": "/media/uploads/public/0/351/82351-6a3b2-product_list.jpg", "unit_price_raw": "kr 92,73 per l", "product_url": "https://kolonial.no/produkter/19978-tuborg-tuborg-3g/", "kolonial_id": "19978"},
  {"category": "\u00d8l", "category_list": ["Alle varer", "\u00d8l, cider og rusbrus", "\u00d8l"], "title": "Sagene Bayer", "price": 39.5, "product_variant": "0,5 l", "quantity_info": [[0.5, "l"]], "image_url": "/media/uploads/public/144/280/970280-a42d3-product_list.jpg", "unit_price_raw": "kr 79,00 per l", "product_url": "https://kolonial.no/produkter/21037-sagene-pilsner-sagene-bayer/", "kolonial_id": "21037"},
  {"category": "Potetchips og snacks", "category_list": ["Alle varer", "Snacks og godteri", "Potetchips og snacks"], "title": "Supermix Paprika", "price": 37.8, "product_variant": "135 g", "quantity_info": [[135.0, "g"]], "image_url": "/media/uploads/public/285/71/973271-a2d90-product_list.jpg", "unit_price_raw": "kr 280,00 per kg", "product_url": "https://kolonial.no/produkter/13477-maarud-supermix-paprika-165g/", "kolonial_id": "13477"},
  {"category": "Ferdigsauser", "category_list": ["Alle varer", "Middager og tilbeh\u00f8r", "Ferdigsauser"], "title": "Red Curry Woksaus", "price": 10.0, "product_variant": "180 g", "quantity_info": [[180.0, "g"]], "image_url": "/media/uploads/public/217/239/156639-21f6f-product_list.jpg", "unit_price_raw": "kr 55,56 per kg", "product_url": "https://kolonial.no/produkter/24544-rema-1000-red-curry-woksaus/", "kolonial_id": "24544"},
  {"category": "Godteri", "category_list": ["Alle varer", "Snacks og godteri", "Godteri"], "title": "Tyrkisk Peber Lollipop Original", "price": 5.9, "product_variant": "1 stk", "quantity_info": [[1.0, "stk"]], "image_url": "/media/uploads/public/321/18/126818-eccb3-product_list.jpg", "unit_price_raw": "kr 655,56 per kg", "product_url": "https://kolonial.no/produkter/23414-fazer-tyrkisk-peber-lollipop-original/", "kolonial_id": "23414"},
  {"category": "Mel og sukker", "category_list": ["Alle varer", "Mel og bakeingredienser", "Mel og sukker"], "title": "Bokhvete / Teff Mel", "price": 52.5, "product_variant": "Glutenfri, 500 g", "quantity_info": [[500.0, "g"]], "image_url": "/media/uploads/public/182/106/969706-17799-product_list.jpg", "unit_price_raw": "kr 105,00 per kg", "product_url": "https://kolonial.no/produkter/18844-semper-bokhvete-teff-mel-glutenfri/", "kolonial_id": "18844"},
  {"category": "Mel og sukker", "category_list": ["Alle varer", "Mel og bakeingredienser", "Mel og sukker"], "title": "Glutenfri Melblanding", "price": 30.6, "product_variant": "Lys, 262 g", "quantity_info": [[262.0, "g"]], "image_url": "/media/uploads/public/179/201/965401-aae72-product_list.jpg", "unit_price_raw": "kr 116,79 per kg", "product_url": "https://kolonial.no/produkter/26-toro-glutenfri-melblanding-lys-375g/", "kolonial_id": "26"},
  {"category": "Sjokolade", "category_list": ["Alle varer", "Snacks og godteri", "Sjokolade"], "title": "Kvikk Lunsj", "price": 16.2, "product_variant": "47 g", "quantity_info": [[47.0, "g"]], "image_url": "/media/uploads/public/266/271/973871-2c273-product_list.jpg", "unit_price_raw": "kr 344,68 per kg", "product_url": "https://kolonial.no/produkter/8372-freia-kvikk-lunsj-47g/", "kolonial_id": "8372"},
  {"category": "Sjokolade", "category_list": ["Alle varer", "Snacks og godteri", "Sjokolade"], "title": "Non Stop", "price": 34.9, "product_variant": "185 g", "quantity_info": [[185.0, "g"]], "image_url": "/media/uploads/public/333/140/973740-eebf9-product_list.jpg", "unit_price_raw": "kr 188,65 per kg", "product_url": "https://kolonial.no/produkter/2467-freia-non-stop-225g/", "kolonial_id": "2467"},
  {"category": "Dessert", "category_list": ["Alle varer", "Is og desserter", "Dessert"], "title": "Sjokoladepudding Piano", "price": 23.9, "product_variant": "0,5 l", "quantity_info": [[0.5, "l"]], "image_url": "/media/uploads/public/0/11/6811-1d0b3-product_list.jpg", "unit_price_raw": "kr 47,80 per l", "product_url": "https://kolonial.no/produkter/8134-tine-sjokoladepudding-piano-05l/", "kolonial_id": "8134"},
  {"category": "Is i boks", "category_list": ["Alle varer", "Is og desserter", "Is i boks"], "title": "Royal Cr\u00e8me Br\u00fbl\u00e9e", "price": 63.7, "product_variant": "0,9 l", "quantity_info": [[0.9, "l"]], "image_url": "/media/uploads/public/31/5/970005-7f547-product_list.jpg", "unit_price_raw": "kr 70,78 per l", "product_url": "https://kolonial.no/produkter/19843-diplom-royal-creme-brulee/", "kolonial_id": "19843"},
  {"category": "Is i boks", "category_list": ["Alle varer", "Is og desserter", "Is i boks"], "title": "Royal Appelsin & Sjokolade", "price": 70.9, "product_variant": "0,9 l", "quantity_info": [[0.9, "l"]], "image_url": "/media/uploads/public/302/8/970008-a3d6f-product_list.jpg", "unit_price_raw": "kr 78,78 per l", "product_url": "https://kolonial.no/produkter/19846-diplom-royal-appelsin-sjokolade/", "kolonial_id": "19846"},
  {"category": "S\u00e5pe", "category_list": ["Alle varer", "Shampo, s\u00e5pe og krem", "S\u00e5pe"], "title": "Lano Parfymefri Dusjs\u00e5pe", "price": 31.3, "product_variant": "250 ml", "quantity_info": [[250.0, "ml"]], "image_url": "/media/uploads/public/81/7/155207-54c70-product_list.jpg", "unit_price_raw": "kr 125,20 per l", "product_url": "https://kolonial.no/produkter/25016-lano-lano-parfymefri-dusjsape/", "kolonial_id": "25016"},
  {"category": "Spesial\u00f8l og import", "category_list": ["Alle varer", "\u00d8l, cider og rusbrus", "Spesial\u00f8l og import"], "title": "Cascadian APA", "price": 53.5, "product_variant": "0,5 l", "quantity_info": [[0.5, "l"]], "image_url": "/media/uploads/public/131/367/971967-eaf69-product_list.jpg", "unit_price_raw": "kr 107,00 per l", "product_url": "https://kolonial.no/produkter/24529-noisom-cascadian-apa/", "kolonial_id": "24529"},
  {"category": "Spesial\u00f8l og import", "category_list": ["Alle varer", "\u00d8l, cider og rusbrus", "Spesial\u00f8l og import"], "title": "Black IPA", "price": 57.5, "product_variant": "0,5 l", "quantity_info": [[0.5, "l"]], "image_url": "/media/uploads/public/94/47/149247-d7cbf-product_list.jpg", "unit_price_raw": "kr 115,00 per l", "product_url": "https://kolonial.no/produkter/24527-noisom-black-ipa/", "kolonial_id": "24527"},
  {"category": "Kjeks", "category_list": ["Alle varer", "Kaker, kjeks og desserter", "Kjeks"], "title": "Bixit Havrelunsj", "price": 39.0, "product_variant": "4 stk, 136 g", "quantity_info": [[4.0, "stk"], [136.0, "g"]], "image_url": "/media/uploads/public/279/1/973201-eec65-product_list.jpg", "unit_price_raw": "kr 286,76 per kg", "product_url": "https://kolonial.no/produkter/27269-saetre-bixit-havrelunsj-4-stk/", "kolonial_id": "27269"},
  {"category": "Kjeks", "category_list": ["Alle varer", "Kaker, kjeks og desserter", "Kjeks"], "title": "Bixit Havrebar Mandel", "price": 38.8, "product_variant": "4 stk, 120 g", "quantity_info": [[4.0, "stk"], [120.0, "g"]], "image_url": "/media/uploads/public/36/4/973204-57dea-product_list.jpg", "unit_price_raw": "kr 323,33 per kg", "product_url": "https://kolonial.no/produkter/27264-saetre-bixit-havrebar-mandel-4-stk/", "kolonial_id": "27264"},
  {"category": "\u00d8l", "category_list": ["Alle varer", "\u00d8l, cider og rusbrus", "\u00d8l"], "title": "Fredrikstad Pilsner", "price": 34.2, "product_variant": "0,5 l", "quantity_info": [[0.5, "l"]], "image_url": "/media/uploads/public/227/317/970317-e69bb-product_list.jpg", "unit_price_raw": "kr 68,40 per l", "product_url": "https://kolonial.no/produkter/21082-hansa-borg-fredrikstad-pilsner/", "kolonial_id": "21082"},
  {"category": "\u00d8l", "category_list": ["Alle varer", "\u00d8l, cider og rusbrus", "\u00d8l"], "title": "Borg \u00d8stlandets Gull", "price": 36.4, "product_variant": "0,5 l", "quantity_info": [[0.5, "l"]], "image_url": "/media/uploads/public/11/208/970208-78898-product_list.jpg", "unit_price_raw": "kr 72,80 per l", "product_url": "https://kolonial.no/produkter/21049-hansa-borg-borg-ostlandets-gull/", "kolonial_id": "21049"},
  {"category": "Potetchips og snacks", "category_list": ["Alle varer", "Snacks og godteri", "Potetchips og snacks"], "title": "Poppa Spansk Paprika", "price": 22.7, "product_variant": "75 g", "quantity_info": [[75.0, "g"]], "image_url": "/media/uploads/public/95/88/1010888-51262-product_list.jpg", "unit_price_raw": "kr 302,67 per kg", "product_url": "https://kolonial.no/produkter/23434-sorlandschips-poppa-spansk-paprika/", "kolonial_id": "23434"},
  {"category": "Potetchips og snacks", "category_list": ["Alle varer", "Snacks og godteri", "Potetchips og snacks"], "title": "Baconsvor", "price": 29.6, "product_variant": "45 g", "quantity_info": [[45.0, "g"]], "image_url": "/media/uploads/public/339/363/964763-40d60-product_list.jpg", "unit_price_raw": "kr 657,78 per kg", "product_url": "https://kolonial.no/produkter/306-maarud-baconsvor/", "kolonial_id": "306"},
  {"category": "Ferdigsauser", "category_list": ["Alle varer", "Middager og tilbeh\u00f8r", "Ferdigsauser"], "title": "Sweet & Sour Woksaus", "price": 10.0, "product_variant": "180 g", "quantity_info": [[180.0, "g"]], "image_url": "/media/uploads/public/90/322/1007922-9cadd-product_list.jpg", "unit_price_raw": "kr 55,56 per kg", "product_url": "https://kolonial.no/produkter/24097-rema-1000-sweet-sour-woksaus/", "kolonial_id": "24097"},
  {"category": "Ferdigsauser", "category_list": ["Alle varer", "Middager og tilbeh\u00f8r", "Ferdigsauser"], "title": "Pastasaus Classic", "price": 10.0, "product_variant": "Tomatsaus til Kj\u00f8ttboller, Pasta eller Fisk, 220 ml", "quantity_info": [[220.0, "ml"]], "image_url": "/media/uploads/public/302/326/721126-78398-product_list.jpg", "unit_price_raw": "kr 45,45 per l", "product_url": "https://kolonial.no/produkter/25438-rema-1000-pastasaus-classic-tomatsaus-til-kjottbol/", "kolonial_id": "25438"},
  {"category": "Godteri", "category_list": ["Alle varer", "Snacks og godteri", "Godteri"], "title": "Pez Figur", "price": 31.3, "product_variant": "Assortert Figur, 3 g", "quantity_info": [[3.0, "g"]], "image_url": "/media/uploads/public/268/83/973283-cf48f-product_list.jpg", "unit_price_raw": "kr 10433,33 per kg", "product_url": "https://kolonial.no/produkter/16759-cloetta-pez-figur-assortert-figur/", "kolonial_id": "16759"},
  {"category": "Godteri", "category_list": ["Alle varer", "Snacks og godteri", "Godteri"], "title": "Love Hearts Lipstick", "price": 9.6, "product_variant": "Assortert Variant, 1 stk", "quantity_info": [[1.0, "stk"]], "image_url": "/media/uploads/public/74/85/969285-7d828-product_list.jpg", "unit_price_raw": "kr 9,60 per stk", "product_url": "https://kolonial.no/produkter/17839-love-hearts-lipstick-assortert-variant/", "kolonial_id": "17839"},
  {"category": "Mel og sukker", "category_list": ["Alle varer", "Mel og bakeingredienser", "Mel og sukker"], "title": "Glutenfri Melblanding", "price": 38.4, "product_variant": "Grov, 406 g", "quantity_info": [[406.0, "g"]], "image_url": "/media/uploads/public/343/186/965386-2259c-product_list.jpg", "unit_price_raw": "kr 94,58 per kg", "product_url": "https://kolonial.no/produkter/25-toro-glutenfri-melblanding-grov-415g/", "kolonial_id": "25"},
  {"category": "Sjokolade", "category_list": ["Alle varer", "Snacks og godteri", "Sjokolade"], "title": "Troika", "price": 16.6, "product_variant": "66 g", "quantity_info": [[66.0, "g"]], "image_url": "/media/uploads/public/244/242/977042-34e24-product_list.jpg", "unit_price_raw": "kr 251,52 per kg", "product_url": "https://kolonial.no/produkter/255-nidar-troika/", "kolonial_id": "255"},
  {"category": "Sjokolade", "category_list": ["Alle varer", "Snacks og godteri", "Sjokolade"], "title": "Melkesjokolade Hjerter", "price": 29.9, "product_variant": "130 g", "quantity_info": [[130.0, "g"]], "image_url": "/media/uploads/public/388/210/964610-f278b-product_list.jpg", "unit_price_raw": "kr 230,00 per kg", "product_url": "https://kolonial.no/produkter/14341-freia-melkesjokolade-hjerter-130g/", "kolonial_id": "14341"},
  {"category": "Dessert", "category_list": ["Alle varer", "Is og desserter", "Dessert"], "title": "Piano Mandelpudding", "price": 24.4, "product_variant": "0,5 l", "quantity_info": [[0.5, "l"]], "image_url": "/media/uploads/public/309/393/965193-b5fd9-product_list.jpg", "unit_price_raw": "kr 48,80 per l", "product_url": "https://kolonial.no/produkter/12265-tine-piano-mandelpudding-05l/", "kolonial_id": "12265"},
  {"category": "Dessert", "category_list": ["Alle varer", "Is og desserter", "Dessert"], "title": "Piano Sjokoladepudding", "price": 32.9, "product_variant": "1 l", "quantity_info": [[1.0, "l"]], "image_url": "/media/uploads/public/20/277/965077-dbfa7-product_list.jpg", "unit_price_raw": "kr 32,90 per l", "product_url": "https://kolonial.no/produkter/75-tine-piano-sjokoladepudding-1-liter/", "kolonial_id": "75"},
  {"category": "Is i boks", "category_list": ["Alle varer", "Is og desserter", "Is i boks"], "title": "Royal Kaffe Mocca 0,9L", "price": 76.9, "product_variant": "0,9 l", "quantity_info": [[0.9, "l"]], "image_url": "/media/uploads/public/137/279/973479-9108d-product_list.jpg", "unit_price_raw": "kr 85,44 per l", "product_url": "https://kolonial.no/produkter/27443-diplom-royal-kaffe-mocca-09l/", "kolonial_id": "27443"},
  {"category": "Is i boks", "category_list": ["Alle varer", "Is og desserter", "Is i boks"], "title": "Royal Pistasj & Sjokolade", "price": 76.9, "product_variant": "0,9 l", "quantity_info": [[0.9, "l"]], "image_url": "/media/uploads/public/70/275/973475-a5a95-product_list.jpg", "unit_price_raw": "kr 85,44 per l", "product_url": "https://kolonial.no/produkter/27438-diplom-royal-pistasj-sjokolade/", "kolonial_id": "27438"},
  {"category": "S\u00e5pe", "category_list": ["Alle varer", "Shampo, s\u00e5pe og krem", "S\u00e5pe"], "title": "Lano Dusjs\u00e5pe", "price": 21.5, "product_variant": "250 ml", "quantity_info": [[250.0, "ml"]], "image_url": "/media/uploads/public/205/36/964836-3c388-product_list.jpg", "unit_price_raw": "kr 86,00 per l", "product_url": "https://kolonial.no/produkter/1423-lano-lano-dusjsape-250ml/", "kolonial_id": "1423"},
  {"category": "S\u00e5pe", "category_list": ["Alle varer", "Shampo, s\u00e5pe og krem", "S\u00e5pe"], "title": "Lano Dusjs\u00e5pe", "price": 21.5, "product_variant": "Refill, 250 ml", "quantity_info": [[250.0, "ml"]], "image_url": "/media/uploads/public/194/45/964845-8065a-product_list.jpg", "unit_price_raw": "kr 86,00 per l", "product_url": "https://kolonial.no/produkter/1426-lano-lano-dusjsape-refill-250ml/", "kolonial_id": "1426"},
  {"category": "Spesial\u00f8l og import", "category_list": ["Alle varer", "\u00d8l, cider og rusbrus", "Spesial\u00f8l og import"], "title": "India Pale Ale Cascade", "price": 44.5, "product_variant": "0,33 l", "quantity_info": [[0.33, "l"]], "image_url": "/media/uploads/public/29/29/971229-eb4ca-product_list.jpg", "unit_price_raw": "kr 134,85 per l", "product_url": "https://kolonial.no/produkter/23651-kolonihagen-india-pale-ale-cascade/", "kolonial_id": "23651"},
  {"category": "Kjeks", "category_list": ["Alle varer", "Kaker, kjeks og desserter", "Kjeks"], "title": "Ballerina Kjeks", "price": 26.8, "product_variant": "Nougat, 190 g", "quantity_info": [[190.0, "g"]], "image_url": "/media/uploads/public/200/262/964662-1357e-product_list.jpg", "unit_price_raw": "kr 141,05 per kg", "product_url": "https://kolonial.no/produkter/63-saetre-ballerina-kjeks-nougat-190g/", "kolonial_id": "63"},
  {"category": "Kjeks", "category_list": ["Alle varer", "Kaker, kjeks og desserter", "Kjeks"], "title": "Gjende", "price": 21.8, "product_variant": "Original, 220 g", "quantity_info": [[220.0, "g"]], "image_url": "/media/uploads/public/311/331/967931-9c78d-product_list.jpg", "unit_price_raw": "kr 99,09 per kg", "product_url": "https://kolonial.no/produkter/59-saetre-gjende-original-220g/", "kolonial_id": "59"},
  {"category": "\u00d8l", "category_list": ["Alle varer", "\u00d8l, cider og rusbrus", "\u00d8l"], "title": "Borg Pilsner", "price": 34.2, "product_variant": "0,5 l", "quantity_info": [[0.5, "l"]], "image_url": "/media/uploads/public/22/5/974005-3052c-product_list.jpg", "unit_price_raw": "kr 68,40 per l", "product_url": "https://kolonial.no/produkter/21076-hansa-borg-borg-pilsner/", "kolonial_id": "21076"},
  {"category": "\u00d8l", "category_list": ["Alle varer", "\u00d8l, cider og rusbrus", "\u00d8l"], "title": "Ringnes Lite", "price": 189.3, "product_variant": "Glutenfri, 3 l", "quantity_info": [[3.0, "l"]], "image_url": "/media/uploads/public/338/369/791169-cd46e-product_list.jpg", "unit_price_raw": "kr 63,10 per l", "product_url": "https://kolonial.no/produkter/8026-ringnes-ringnes-lite-glutenfri/", "kolonial_id": "8026"},
  {"category": "Potetchips og snacks", "category_list": ["Alle varer", "Snacks og godteri", "Potetchips og snacks"], "title": "Potetsticks", "price": 41.5, "product_variant": "225 g", "quantity_info": [[225.0, "g"]], "image_url": "/media/uploads/public/342/381/964781-a0058-product_list.jpg", "unit_price_raw": "kr 184,44 per kg", "product_url": "https://kolonial.no/produkter/7210-kims-potetsticks-225g/", "kolonial_id": "7210"},
  {"category": "Potetchips og snacks", "category_list": ["Alle varer", "Snacks og godteri", "Potetchips og snacks"], "title": "Superbites Linsechips med Creme Fraiche & Ramsl\u00f8k", "price": 28.7, "product_variant": "100 g", "quantity_info": [[100.0, "g"]], "image_url": "/media/uploads/public/222/189/973789-381d0-product_list.jpg", "unit_price_raw": "kr 287,00 per kg", "product_url": "https://kolonial.no/produkter/24976-maarud-superbites-linsechips-med-creme-fraiche-ram/", "kolonial_id": "24976"},
  {"category": "Ferdigsauser", "category_list": ["Alle varer", "Middager og tilbeh\u00f8r", "Ferdigsauser"], "title": "Soya Sesam Wok", "price": 29.9, "product_variant": "240 ml", "quantity_info": [[240.0, "ml"]], "image_url": "/media/uploads/public/352/252/971852-f40ba-product_list.jpg", "unit_price_raw": "kr 124,58 per l", "product_url": "https://kolonial.no/produkter/24083-go-tan-soya-sesam-wok/", "kolonial_id": "24083"},
  {"category": "Godteri", "category_list": ["Alle varer", "Snacks og godteri", "Godteri"], "title": "Juicy Drop Pop", "price": 32.8, "product_variant": "Assortert Variant, 30 g", "quantity_info": [[30.0, "g"]], "image_url": "/media/uploads/public/233/111/965711-dd266-product_list.jpg", "unit_price_raw": "kr 1093,33 per kg", "product_url": "https://kolonial.no/produkter/15462-brynild-juicy-drop-pop/", "kolonial_id": "15462"},
  {"category": "Godteri", "category_list": ["Alle varer", "Snacks og godteri", "Godteri"], "title": "Malaco Fox Sitronkaramell", "price": 6.2, "product_variant": "2 biter, 14,5 g", "quantity_info": [[2.0, "biter"], [14.5, "g"]], "image_url": "/media/uploads/public/328/229/972229-75e11-product_list.jpg", "unit_price_raw": "kr 427,59 per kg", "product_url": "https://kolonial.no/produkter/15387-cloetta-malaco-fox-sitronkaramell-2-biter/", "kolonial_id": "15387"},
  {"category": "Mel og sukker", "category_list": ["Alle varer", "Mel og bakeingredienser", "Mel og sukker"], "title": "Maizena Jevner Brun", "price": 28.6, "product_variant": "250 g", "quantity_info": [[250.0, "g"]], "image_url": "/media/uploads/public/43/298/964298-61318-product_list.jpg", "unit_price_raw": "kr 114,40 per kg", "product_url": "https://kolonial.no/produkter/7654-maizena-maizena-jevner-brun-250g/", "kolonial_id": "7654"},
  {"category": "Mel og sukker", "category_list": ["Alle varer", "Mel og bakeingredienser", "Mel og sukker"], "title": "Jevner Lys", "price": 24.9, "product_variant": "250 g", "quantity_info": [[250.0, "g"]], "image_url": "/media/uploads/public/133/218/965818-8e163-product_list.jpg", "unit_price_raw": "kr 99,60 per kg", "product_url": "https://kolonial.no/produkter/13972-maizena-jevner-lys-250g/", "kolonial_id": "13972"},
  {"category": "Sjokolade", "category_list": ["Alle varer", "Snacks og godteri", "Sjokolade"], "title": "Sjokoklem", "price": 46.9, "product_variant": "180 g", "quantity_info": [[180.0, "g"]], "image_url": "/media/uploads/public/137/266/964666-4c549-product_list.jpg", "unit_price_raw": "kr 260,56 per kg", "product_url": "https://kolonial.no/produkter/7219-freia-sjokoklem-180g/", "kolonial_id": "7219"},
  {"category": "Sjokolade", "category_list": ["Alle varer", "Snacks og godteri", "Sjokolade"], "title": "Cuba", "price": 25.6, "product_variant": "37 g", "quantity_info": [[37.0, "g"]], "image_url": "/media/uploads/public/94/325/973925-3881d-product_list.jpg", "unit_price_raw": "kr 691,89 per kg", "product_url": "https://kolonial.no/produkter/8396-nidar-cuba-37g/", "kolonial_id": "8396"},
  {"category": "Dessert", "category_list": ["Alle varer", "Is og desserter", "Dessert"], "title": "Piano Bringeb\u00e6rgel\u00e9", "price": 34.8, "product_variant": "1 l", "quantity_info": [[1.0, "l"]], "image_url": "/media/uploads/public/202/339/971539-3dd65-product_list.jpg", "unit_price_raw": "kr 34,80 per l", "product_url": "https://kolonial.no/produkter/23476-tine-piano-bringebaergele/", "kolonial_id": "23476"},
  {"category": "Dessert", "category_list": ["Alle varer", "Is og desserter", "Dessert"], "title": "Piano Jordb\u00e6rgel\u00e9", "price": 33.9, "product_variant": "1 l", "quantity_info": [[1.0, "l"]], "image_url": "/media/uploads/public/321/246/971446-8d371-product_list.jpg", "unit_price_raw": "kr 33,90 per l", "product_url": "https://kolonial.no/produkter/23477-tine-piano-jordbaergele/", "kolonial_id": "23477"},
  {"category": "Is i boks", "category_list": ["Alle varer", "Is og desserter", "Is i boks"], "title": "Strawberry Supreme", "price": 57.6, "product_variant": "\u00d8kologisk, 0,5 l", "quantity_info": [[0.5, "l"]], "image_url": "/media/uploads/public/0/218/104218-3005a-product_list.jpg", "unit_price_raw": "kr 115,20 per l", "product_url": "https://kolonial.no/produkter/22339-funky-frozen-yogurt-strawberry-supreme/", "kolonial_id": "22339"},
  {"category": "S\u00e5pe", "category_list": ["Alle varer", "Shampo, s\u00e5pe og krem", "S\u00e5pe"], "title": "Aloe Vera Dusjgel\u00e9", "price": 44.2, "product_variant": "250 ml", "quantity_info": [[250.0, "ml"]], "image_url": "/media/uploads/public/68/286/970286-a91d0-product_list.jpg", "unit_price_raw": "kr 176,80 per l", "product_url": "https://kolonial.no/produkter/21157-dr-greve-aloe-vera-dusjgele/", "kolonial_id": "21157"},
  {"category": "S\u00e5pe", "category_list": ["Alle varer", "Shampo, s\u00e5pe og krem", "S\u00e5pe"], "title": "Intims\u00e5pe", "price": 83.3, "product_variant": "\u00d8kologisk, 250 ml", "quantity_info": [[250.0, "ml"]], "image_url": "/media/uploads/public/6/114/128114-486c0-product_list.jpg", "unit_price_raw": "kr 333,20 per l", "product_url": "https://kolonial.no/produkter/23470-masmi-intimsape-okologisk/", "kolonial_id": "23470"},
  {"category": "Spesial\u00f8l og import", "category_list": ["Alle varer", "\u00d8l, cider og rusbrus", "Spesial\u00f8l og import"], "title": "Tjekkisk Pilsner Saaz", "price": 42.1, "product_variant": "0,33 l", "quantity_info": [[0.33, "l"]], "image_url": "/media/uploads/public/277/66/971666-1b992-product_list.jpg", "unit_price_raw": "kr 127,58 per l", "product_url": "https://kolonial.no/produkter/23957-tjekkisk-pilsner-saaz-0-33-l/", "kolonial_id": "23957"},
  {"category": "Kjeks", "category_list": ["Alle varer", "Kaker, kjeks og desserter", "Kjeks"], "title": "Gjende Sjokolade", "price": 31.1, "product_variant": "183 g", "quantity_info": [[183.0, "g"]], "image_url": "/media/uploads/public/370/374/967974-1bdce-product_list.jpg", "unit_price_raw": "kr 169,95 per kg", "product_url": "https://kolonial.no/produkter/13501-saetre-gjende-sjokolade-183g/", "kolonial_id": "13501"},
  {"category": "\u00d8l", "category_list": ["Alle varer", "\u00d8l, cider og rusbrus", "\u00d8l"], "title": "Ringnes Lite M\u00f8rk Pilsner", "price": 39.5, "product_variant": "0,5 l", "quantity_info": [[0.5, "l"]], "image_url": "/media/uploads/public/0/26/82426-722f1-product_list.jpg", "unit_price_raw": "kr 79,00 per l", "product_url": "https://kolonial.no/produkter/20065-ringnes-ringnes-lite-mork-pilsner/", "kolonial_id": "20065"},
  {"category": "Potetchips og snacks", "category_list": ["Alle varer", "Snacks og godteri", "Potetchips og snacks"], "title": "Micropopcorn", "price": 15.9, "product_variant": "3pk, 220 g", "quantity_info": [[3.0, "pk"], [220.0, "g"]], "image_url": "/media/uploads/public/42/127/970127-b8eb5-product_list.jpg", "unit_price_raw": "kr 72,27 per kg", "product_url": "https://kolonial.no/produkter/8618-rema-1000-micropopcorn-3pk/", "kolonial_id": "8618"},
  {"category": "Ferdigsauser", "category_list": ["Alle varer", "Middager og tilbeh\u00f8r", "Ferdigsauser"], "title": "Sweet & Sour Wok", "price": 29.9, "product_variant": "240 ml", "quantity_info": [[240.0, "ml"]], "image_url": "/media/uploads/public/325/250/971850-bd888-product_list.jpg", "unit_price_raw": "kr 124,58 per l", "product_url": "https://kolonial.no/produkter/24084-go-tan-sweet-sour-wok/", "kolonial_id": "24084"},
  {"category": "Godteri", "category_list": ["Alle varer", "Snacks og godteri", "Godteri"], "title": "Malaco Kick Lakrisstang", "price": 10.8, "product_variant": "1 stk, 23 g", "quantity_info": [[1.0, "stk"], [23.0, "g"]], "image_url": "/media/uploads/public/103/340/972340-b0887-product_list.jpg", "unit_price_raw": "kr 469,57 per kg", "product_url": "https://kolonial.no/produkter/15492-cloetta-malaco-kick-lakrisstang-1-stk/", "kolonial_id": "15492"},
  {"category": "Sjokolade", "category_list": ["Alle varer", "Snacks og godteri", "Sjokolade"], "title": "Toppris", "price": 17.9, "product_variant": "60 g", "quantity_info": [[60.0, "g"]], "image_url": "/media/uploads/public/338/159/964559-c6acb-product_list.jpg", "unit_price_raw": "kr 298,33 per kg", "product_url": "https://kolonial.no/produkter/2620-freia-toppris-60g/", "kolonial_id": "2620"},
  {"category": "Dessert", "category_list": ["Alle varer", "Is og desserter", "Dessert"], "title": "Piano Jordb\u00e6rsmakgel\u00e9", "price": 31.8, "product_variant": "0,5 l", "quantity_info": [[0.5, "l"]], "image_url": "/media/uploads/public/142/247/151847-6dda1-product_list.jpg", "unit_price_raw": "kr 63,60 per l", "product_url": "https://kolonial.no/produkter/24669-tine-piano-jordbaersmakgele/", "kolonial_id": "24669"},
  {"category": "Is i boks", "category_list": ["Alle varer", "Is og desserter", "Is i boks"], "title": "Sorbetto Limone", "price": 54.1, "product_variant": "Lime, 0,5 l", "quantity_info": [[0.5, "l"]], "image_url": "/media/uploads/public/0/233/104233-97ec2-product_list.jpg", "unit_price_raw": "kr 108,20 per l", "product_url": "https://kolonial.no/produkter/22354-tonitto-sorbetto-limone-lime/", "kolonial_id": "22354"},
  {"category": "S\u00e5pe", "category_list": ["Alle varer", "Shampo, s\u00e5pe og krem", "S\u00e5pe"], "title": "Dusjs\u00e5pe", "price": 33.2, "product_variant": "Assortert Variant, 250 ml", "quantity_info": [[250.0, "ml"]], "image_url": "/media/uploads/public/202/5/155205-11c95-product_list.jpg", "unit_price_raw": "kr 132,80 per l", "product_url": "https://kolonial.no/produkter/25014-bliw-dusjsape-assortert-variant/", "kolonial_id": "25014"},
  {"category": "Spesial\u00f8l og import", "category_list": ["Alle varer", "\u00d8l, cider og rusbrus", "Spesial\u00f8l og import"], "title": "Tysk Hvete\u00f8l Tettnang", "price": 43.8, "product_variant": "0,33 l", "quantity_info": [[0.33, "l"]], "image_url": "/media/uploads/public/83/53/971253-241b0-product_list.jpg", "unit_price_raw": "kr 132,73 per l", "product_url": "https://kolonial.no/produkter/23650-kolonihagen-tysk-hveteol-tettnang/", "kolonial_id": "23650"},
  {"category": "Kjeks", "category_list": ["Alle varer", "Kaker, kjeks og desserter", "Kjeks"], "title": "Mariekjeks", "price": 13.8, "product_variant": "200 g", "quantity_info": [[200.0, "g"]], "image_url": "/media/uploads/public/82/297/964697-19e55-product_list.jpg", "unit_price_raw": "kr 69,00 per kg", "product_url": "https://kolonial.no/produkter/625-saetre-mariekjeks-200g/", "kolonial_id": "625"},
  {"category": "\u00d8l", "category_list": ["Alle varer", "\u00d8l, cider og rusbrus", "\u00d8l"], "title": "Tuborg Lite", "price": 34.6, "product_variant": "0,5 l", "quantity_info": [[0.5, "l"]], "image_url": "/media/uploads/public/0/336/82336-bfba3-product_list.jpg", "unit_price_raw": "kr 69,20 per l", "product_url": "https://kolonial.no/produkter/19993-tuborg-tuborg-lite/", "kolonial_id": "19993"},
  {"category": "Potetchips og snacks", "category_list": ["Alle varer", "Snacks og godteri", "Potetchips og snacks"], "title": "Micropop", "price": 27.8, "product_variant": "240 g", "quantity_info": [[240.0, "g"]], "image_url": "/media/uploads/public/227/391/971191-cdb00-product_list.jpg", "unit_price_raw": "kr 115,83 per kg", "product_url": "https://kolonial.no/produkter/278-maarud-micropop/", "kolonial_id": "278"},
  {"category": "Godteri", "category_list": ["Alle varer", "Snacks og godteri", "Godteri"], "title": "Malaco Kick Sitron Lakrisstang", "price": 10.8, "product_variant": "1 stk, 23 g", "quantity_info": [[1.0, "stk"], [23.0, "g"]], "image_url": "/media/uploads/public/135/217/972217-5f9d2-product_list.jpg", "unit_price_raw": "kr 469,57 per kg", "product_url": "https://kolonial.no/produkter/15495-cloetta-malaco-kick-sitron-lakrisstang-1-stk/", "kolonial_id": "15495"},
  {"category": "Mel og sukker", "category_list": ["Alle varer", "Mel og bakeingredienser", "Mel og sukker"], "title": "Glutenfri Br\u00f8dmix", "price": 35.6, "product_variant": "500 g", "quantity_info": [[500.0, "g"]], "image_url": "/media/uploads/public/154/35/964435-f69ef-product_list.jpg", "unit_price_raw": "kr 71,20 per kg", "product_url": "https://kolonial.no/produkter/7447-semper-glutenfri-brodmix-500g/", "kolonial_id": "7447"},
  {"category": "Mel og sukker", "category_list": ["Alle varer", "Mel og bakeingredienser", "Mel og sukker"], "title": "Glutenfri Br\u00f8dmix Med Fiber", "price": 41.5, "product_variant": "500 g", "quantity_info": [[500.0, "g"]], "image_url": "/media/uploads/public/7/40/964440-79561-product_list.jpg", "unit_price_raw": "kr 83,00 per kg", "product_url": "https://kolonial.no/produkter/7444-semper-glutenfri-brodmix-med-fiber-500g/", "kolonial_id": "7444"},
  {"category": "Sjokolade", "category_list": ["Alle varer", "Snacks og godteri", "Sjokolade"], "title": "Daim Dobbel", "price": 24.6, "product_variant": "56 g", "quantity_info": [[56.0, "g"]], "image_url": "/media/uploads/public/6/267/964667-ff60e-product_list.jpg", "unit_price_raw": "kr 439,29 per kg", "product_url": "https://kolonial.no/produkter/7201-freia-daim-dobbel-56g/", "kolonial_id": "7201"},
  {"category": "Sjokolade", "category_list": ["Alle varer", "Snacks og godteri", "Sjokolade"], "title": "Stratos Bar", "price": 17.8, "product_variant": "42 g", "quantity_info": [[42.0, "g"]], "image_url": "/media/uploads/public/33/95/1004095-5a424-product_list.jpg", "unit_price_raw": "kr 423,81 per kg", "product_url": "https://kolonial.no/produkter/15453-nidar-stratos-bar/", "kolonial_id": "15453"},
  {"category": "Dessert", "category_list": ["Alle varer", "Is og desserter", "Dessert"], "title": "Piano Vaniljesaus", "price": 38.8, "product_variant": "1 l", "quantity_info": [[1.0, "l"]], "image_url": "/media/uploads/public/151/248/973848-dbb0a-product_list.jpg", "unit_price_raw": "kr 38,80 per l", "product_url": "https://kolonial.no/produkter/68-tine-piano-vaniljesaus/", "kolonial_id": "68"},
  {"category": "Dessert", "category_list": ["Alle varer", "Is og desserter", "Dessert"], "title": "Piano Vaniljesaus Zero", "price": 34.4, "product_variant": "Uten Tilsatt Sukker, 0,5 l", "quantity_info": [[0.5, "l"]], "image_url": "/media/uploads/public/230/85/222485-2697a-product_list.jpg", "unit_price_raw": "kr 68,80 per l", "product_url": "https://kolonial.no/produkter/25467-tine-piano-vaniljesaus-zero-uten-tilsatt-sukker/", "kolonial_id": "25467"},
  {"category": "Is i boks", "category_list": ["Alle varer", "Is og desserter", "Is i boks"], "title": "Sorbetto Mango & Pasjonsfrukt", "price": 54.1, "product_variant": "0,5 l", "quantity_info": [[0.5, "l"]], "image_url": "/media/uploads/public/0/227/104227-7a2a1-product_list.jpg", "unit_price_raw": "kr 108,20 per l", "product_url": "https://kolonial.no/produkter/22348-tonitto-sorbetto-mango-pasjonsfrukt/", "kolonial_id": "22348"},
  {"category": "S\u00e5pe", "category_list": ["Alle varer", "Shampo, s\u00e5pe og krem", "S\u00e5pe"], "title": "Sensitiv Dusjgele", "price": 52.3, "product_variant": "Aloe Vera & Kamille, 200 ml", "quantity_info": [[200.0, "ml"]], "image_url": "/media/uploads/public/324/44/964844-e27a4-product_list.jpg", "unit_price_raw": "kr 261,50 per l", "product_url": "https://kolonial.no/produkter/1190-dr-greve-sensitiv-dusjgele-aloe-vera-kamille-200ml/", "kolonial_id": "1190"},
  {"category": "Spesial\u00f8l og import", "category_list": ["Alle varer", "\u00d8l, cider og rusbrus", "Spesial\u00f8l og import"], "title": "Bernard \u00d8l", "price": 42.5, "product_variant": "0,5 l", "quantity_info": [[0.5, "l"]], "image_url": "/media/uploads/public/207/178/966178-66181-product_list.jpg", "unit_price_raw": "kr 85,00 per l", "product_url": "https://kolonial.no/produkter/5290-bernard-ol/", "kolonial_id": "5290"},
  {"category": "Spesial\u00f8l og import", "category_list": ["Alle varer", "\u00d8l, cider og rusbrus", "Spesial\u00f8l og import"], "title": "Corona Extra Light", "price": 45.2, "product_variant": "355 ml", "quantity_info": [[355.0, "ml"]], "image_url": "/media/uploads/public/0/12/20812-fa4f7-product_list.jpg", "unit_price_raw": "kr 127,32 per l", "product_url": "https://kolonial.no/produkter/12565-corona-corona-extra-light-033l/", "kolonial_id": "12565"},
  {"category": "Kjeks", "category_list": ["Alle varer", "Kaker, kjeks og desserter", "Kjeks"], "title": "Safari Orginal", "price": 21.3, "product_variant": "200 g", "quantity_info": [[200.0, "g"]], "image_url": "/media/uploads/public/195/312/964712-9ffee-product_list.jpg", "unit_price_raw": "kr 106,50 per kg", "product_url": "https://kolonial.no/produkter/7198-saetre-safari-orginal-200g/", "kolonial_id": "7198"},
  {"category": "Kjeks", "category_list": ["Alle varer", "Kaker, kjeks og desserter", "Kjeks"], "title": "Sjokoringer", "price": 34.1, "product_variant": "165 g", "quantity_info": [[165.0, "g"]], "image_url": "/media/uploads/public/46/249/972649-33370-product_list.jpg", "unit_price_raw": "kr 206,67 per kg", "product_url": "https://kolonial.no/produkter/14500-saetre-sjokoringer/", "kolonial_id": "14500"},
  {"category": "\u00d8l", "category_list": ["Alle varer", "\u00d8l, cider og rusbrus", "\u00d8l"], "title": "Lysholmer Double Ice", "price": 36.8, "product_variant": "0,5 l", "quantity_info": [[0.5, "l"]], "image_url": "/media/uploads/public/0/238/20638-69493-product_list.jpg", "unit_price_raw": "kr 73,60 per l", "product_url": "https://kolonial.no/produkter/12562-ringnes-lysholmer-double-ice-05l/", "kolonial_id": "12562"},
  {"category": "\u00d8l", "category_list": ["Alle varer", "\u00d8l, cider og rusbrus", "\u00d8l"], "title": "Grans Lett\u00f8l", "price": 72.5, "product_variant": "6 x 0,33l, 1,92 l", "quantity_info": [[6.0, "x"], [0.33, "l"], [1.92, "l"]], "image_url": "/media/uploads/public/264/272/973872-ca8cf-product_list.jpg", "unit_price_raw": "kr 37,76 per l", "product_url": "https://kolonial.no/produkter/19531-grans-bryggeri-grans-lettol-6-x-033l/", "kolonial_id": "19531"},
  {"category": "Potetchips og snacks", "category_list": ["Alle varer", "Snacks og godteri", "Potetchips og snacks"], "title": "Popcorn Poppet", "price": 22.2, "product_variant": "75 g", "quantity_info": [[75.0, "g"]], "image_url": "/media/uploads/public/249/354/971154-c2815-product_list.jpg", "unit_price_raw": "kr 296,00 per kg", "product_url": "https://kolonial.no/produkter/13471-maarud-popcorn-poppet-75g/", "kolonial_id": "13471"},
  {"category": "Ferdigsauser", "category_list": ["Alle varer", "Middager og tilbeh\u00f8r", "Ferdigsauser"], "title": "Tzatziki", "price": 15.0, "product_variant": "250 g", "quantity_info": [[250.0, "g"]], "image_url": "/media/uploads/public/370/235/156635-325a0-product_list.jpg", "unit_price_raw": "kr 60,00 per kg", "product_url": "https://kolonial.no/produkter/24563-rema-1000-tzatziki/", "kolonial_id": "24563"},
  {"category": "Godteri", "category_list": ["Alle varer", "Snacks og godteri", "Godteri"], "title": "Giant Snap & Crackle", "price": 8.5, "product_variant": "Original, 1 stk", "quantity_info": [[1.0, "stk"]], "image_url": "/media/uploads/public/169/48/969248-e4168-product_list.jpg", "unit_price_raw": "kr 8,50 per stk", "product_url": "https://kolonial.no/produkter/17836-giant-snap-crackle-original/", "kolonial_id": "17836"},
  {"category": "Godteri", "category_list": ["Alle varer", "Snacks og godteri", "Godteri"], "title": "Vepsebol Jordb\u00e6r", "price": 11.3, "product_variant": "42 g", "quantity_info": [[42.0, "g"]], "image_url": "/media/uploads/public/107/232/1021432-ee69d-product_list.jpg", "unit_price_raw": "kr 269,05 per kg", "product_url": "https://kolonial.no/produkter/5947-brynild-vepsebol-jordbaer-42g/", "kolonial_id": "5947"},
  {"category": "Mel og sukker", "category_list": ["Alle varer", "Mel og bakeingredienser", "Mel og sukker"], "title": "Natreen Str\u00f8", "price": 38.8, "product_variant": "70 g", "quantity_info": [[70.0, "g"]], "image_url": "/media/uploads/public/0/35/3235-cf121-product_list.jpg", "unit_price_raw": "kr 554,29 per kg", "product_url": "https://kolonial.no/produkter/2614-natreen-natreen-stro-70g/", "kolonial_id": "2614"},
  {"category": "Sjokolade", "category_list": ["Alle varer", "Snacks og godteri", "Sjokolade"], "title": "Hobby Stor", "price": 22.3, "product_variant": "48 g", "quantity_info": [[48.0, "g"]], "image_url": "/media/uploads/public/139/154/965754-463c1-product_list.jpg", "unit_price_raw": "kr 464,58 per kg", "product_url": "https://kolonial.no/produkter/5911-nidar-hobby-stor-48g/", "kolonial_id": "5911"},
  {"category": "Sjokolade", "category_list": ["Alle varer", "Snacks og godteri", "Sjokolade"], "title": "Gullbr\u00f8d", "price": 28.3, "product_variant": "65 g", "quantity_info": [[65.0, "g"]], "image_url": "/media/uploads/public/378/208/971008-623c3-product_list.jpg", "unit_price_raw": "kr 435,38 per kg", "product_url": "https://kolonial.no/produkter/5887-nidar-gullbrod-65g/", "kolonial_id": "5887"},
  {"category": "Dessert", "category_list": ["Alle varer", "Is og desserter", "Dessert"], "title": "Piano Vaniljekrem", "price": 31.1, "product_variant": "0,5 l", "quantity_info": [[0.5, "l"]], "image_url": "/media/uploads/public/330/371/1015571-55102-product_list.jpg", "unit_price_raw": "kr 62,20 per l", "product_url": "https://kolonial.no/produkter/8122-tine-piano-vaniljekrem-05l/", "kolonial_id": "8122"},
  {"category": "Dessert", "category_list": ["Alle varer", "Is og desserter", "Dessert"], "title": "Kos Cr\u00e8me Br\u00fbl\u00e9e", "price": 39.1, "product_variant": "2x133g, 266 g", "quantity_info": [[2.0, "x"], [133.0, "g"], [266.0, "g"]], "image_url": "/media/uploads/public/125/179/324979-52504-product_list.jpg", "unit_price_raw": "kr 146,99 per kg", "product_url": "https://kolonial.no/produkter/25628-kos-kos-creme-brulee-2x133g/", "kolonial_id": "25628"},
  {"category": "Is i boks", "category_list": ["Alle varer", "Is og desserter", "Is i boks"], "title": "Iskrem Gul Vanilje", "price": 65.3, "product_variant": "1 l", "quantity_info": [[1.0, "l"]], "image_url": "/media/uploads/public/359/52/122052-bc4a7-product_list.jpg", "unit_price_raw": "kr 65,30 per l", "product_url": "https://kolonial.no/produkter/23186-tonitto-iskrem-gul-vanilje/", "kolonial_id": "23186"},
  {"category": "S\u00e5pe", "category_list": ["Alle varer", "Shampo, s\u00e5pe og krem", "S\u00e5pe"], "title": "Argan Shower & Oil", "price": 49.3, "product_variant": "250 ml", "quantity_info": [[250.0, "ml"]], "image_url": "/media/uploads/public/215/322/973522-d8aec-product_list.jpg", "unit_price_raw": "kr 197,20 per l", "product_url": "https://kolonial.no/produkter/27386-naturelle-argan-shower-oil/", "kolonial_id": "27386"},
  {"category": "Spesial\u00f8l og import", "category_list": ["Alle varer", "\u00d8l, cider og rusbrus", "Spesial\u00f8l og import"], "title": "Sol Glassflaske", "price": 37.5, "product_variant": "0,33 l", "quantity_info": [[0.33, "l"]], "image_url": "/media/uploads/public/50/279/970679-cd666-product_list.jpg", "unit_price_raw": "kr 113,64 per l", "product_url": "https://kolonial.no/produkter/22114-sol-glassflaske/", "kolonial_id": "22114"},
  {"category": "Spesial\u00f8l og import", "category_list": ["Alle varer", "\u00d8l, cider og rusbrus", "Spesial\u00f8l og import"], "title": "Aass IPA", "price": 139.6, "product_variant": "4x0,5 liter, 2 l", "quantity_info": [[4.0, "x"], [0.5, "liter"], [2.0, "l"]], "image_url": "/media/uploads/public/78/100/968100-9ebae-product_list.jpg", "unit_price_raw": "kr 69,80 per l", "product_url": "https://kolonial.no/produkter/13246-aass-bryggeri-aass-ipa-4x05-liter/", "kolonial_id": "13246"},
  {"category": "Kjeks", "category_list": ["Alle varer", "Kaker, kjeks og desserter", "Kjeks"], "title": "TUC Paprika", "price": 19.8, "product_variant": "100 g", "quantity_info": [[100.0, "g"]], "image_url": "/media/uploads/public/325/188/370188-b1f42-product_list.jpg", "unit_price_raw": "kr 198,00 per kg", "product_url": "https://kolonial.no/produkter/25889-tuc-tuc-paprika/", "kolonial_id": "25889"},
  {"category": "Kjeks", "category_list": ["Alle varer", "Kaker, kjeks og desserter", "Kjeks"], "title": "TUC Sour Cream & Onion", "price": 19.8, "product_variant": "100 g", "quantity_info": [[100.0, "g"]], "image_url": "/media/uploads/public/315/321/372321-68aa1-product_list.jpg", "unit_price_raw": "kr 198,00 per kg", "product_url": "https://kolonial.no/produkter/26031-tuc-tuc-sour-cream-onion/", "kolonial_id": "26031"},
  {"category": "\u00d8l", "category_list": ["Alle varer", "\u00d8l, cider og rusbrus", "\u00d8l"], "title": "Aass Halling", "price": 226.5, "product_variant": "6x0,5l, 3 l", "quantity_info": [[6.0, "x"], [0.5, "l"], [3.0, "l"]], "image_url": "/media/uploads/public/97/173/651373-cb465-product_list.jpg", "unit_price_raw": "kr 75,50 per l", "product_url": "https://kolonial.no/produkter/27095-aass-bryggeri-aass-halling-6x05l/", "kolonial_id": "27095"},
  {"category": "\u00d8l", "category_list": ["Alle varer", "\u00d8l, cider og rusbrus", "\u00d8l"], "title": "Aass Weizen", "price": 149.9, "product_variant": "4x0,5l, 2 l", "quantity_info": [[4.0, "x"], [0.5, "l"], [2.0, "l"]], "image_url": "/media/uploads/public/94/174/651374-bb2ec-product_list.jpg", "unit_price_raw": "kr 74,95 per l", "product_url": "https://kolonial.no/produkter/27096-aass-bryggeri-aass-weizen-4x05l/", "kolonial_id": "27096"},
  {"category": "Potetchips og snacks", "category_list": ["Alle varer", "Snacks og godteri", "Potetchips og snacks"], "title": "Popcorn Upoppet", "price": 28.3, "product_variant": "400 g", "quantity_info": [[400.0, "g"]], "image_url": "/media/uploads/public/9/263/973463-378a8-product_list.jpg", "unit_price_raw": "kr 70,75 per kg", "product_url": "https://kolonial.no/produkter/13480-maarud-popcorn-upoppet-400g/", "kolonial_id": "13480"},
  {"category": "Potetchips og snacks", "category_list": ["Alle varer", "Snacks og godteri", "Potetchips og snacks"], "title": "French Fries Salt", "price": 24.7, "product_variant": "90 g", "quantity_info": [[90.0, "g"]], "image_url": "/media/uploads/public/0/371/2371-d5813-product_list.jpg", "unit_price_raw": "kr 274,44 per kg", "product_url": "https://kolonial.no/produkter/2065-kims-french-fries-salt-90g/", "kolonial_id": "2065"},
  {"category": "Ferdigsauser", "category_list": ["Alle varer", "Middager og tilbeh\u00f8r", "Ferdigsauser"], "title": "Bearnaisesaus", "price": 31.8, "product_variant": "2,5 dl", "quantity_info": [[2.5, "dl"]], "image_url": "/media/uploads/public/90/81/628481-45954-product_list.jpg", "unit_price_raw": "kr 127,20 per l", "product_url": "https://kolonial.no/produkter/26869-fjordland-bearnaisesaus/", "kolonial_id": "26869"},
  {"category": "Ferdigsauser", "category_list": ["Alle varer", "Middager og tilbeh\u00f8r", "Ferdigsauser"], "title": "Champignon Ferdigsaus", "price": 37.0, "product_variant": "300 ml", "quantity_info": [[300.0, "ml"]], "image_url": "/media/uploads/public/193/165/324965-70b83-product_list.jpg", "unit_price_raw": "kr 123,33 per l", "product_url": "https://kolonial.no/produkter/25617-knorr-champignon-ferdigsaus/", "kolonial_id": "25617"},
  {"category": "Godteri", "category_list": ["Alle varer", "Snacks og godteri", "Godteri"], "title": "Pepe Lakris", "price": 10.2, "product_variant": "32 g", "quantity_info": [[32.0, "g"]], "image_url": "/media/uploads/public/199/312/971512-ba024-product_list.jpg", "unit_price_raw": "kr 318,75 per kg", "product_url": "https://kolonial.no/produkter/23851-nidar-pepe-lakris/", "kolonial_id": "23851"},
  {"category": "Godteri", "category_list": ["Alle varer", "Snacks og godteri", "Godteri"], "title": "Jordb\u00e6rstang", "price": 10.2, "product_variant": "Toms, 27 g", "quantity_info": [[27.0, "g"]], "image_url": "/media/uploads/public/144/187/140987-78c11-product_list.jpg", "unit_price_raw": "kr 377,78 per kg", "product_url": "https://kolonial.no/produkter/24087-jordbaerstang-toms/", "kolonial_id": "24087"},
  {"category": "Mel og sukker", "category_list": ["Alle varer", "Mel og bakeingredienser", "Mel og sukker"], "title": "S\u00f8tningsmiddel Flytende", "price": 39.0, "product_variant": "125 ml", "quantity_info": [[125.0, "ml"]], "image_url": "/media/uploads/public/0/393/41593-bb950-product_list.jpg", "unit_price_raw": "kr 312,00 per l", "product_url": "https://kolonial.no/produkter/16555-natreen-sotningsmiddel-flytende/", "kolonial_id": "16555"},
  {"category": "Mel og sukker", "category_list": ["Alle varer", "Mel og bakeingredienser", "Mel og sukker"], "title": "Sukrin Naturlig", "price": 74.5, "product_variant": "Naturlig S\u00f8tstoff, 500 g", "quantity_info": [[500.0, "g"]], "image_url": "/media/uploads/public/296/34/1000834-c8ae8-product_list.jpg", "unit_price_raw": "kr 149,00 per kg", "product_url": "https://kolonial.no/produkter/1858-sukrin-sukrin-naturlig-naturlig-sotstoff/", "kolonial_id": "1858"},
  {"category": "Dessert", "category_list": ["Alle varer", "Is og desserter", "Dessert"], "title": "Kos Karamellpudding med Saus", "price": 24.6, "product_variant": "310 g", "quantity_info": [[310.0, "g"]], "image_url": "/media/uploads/public/156/175/324975-c68b1-product_list.jpg", "unit_price_raw": "kr 79,35 per kg", "product_url": "https://kolonial.no/produkter/25624-kos-kos-karamellpudding-med-saus/", "kolonial_id": "25624"},
  {"category": "Dessert", "category_list": ["Alle varer", "Is og desserter", "Dessert"], "title": "Kos Sjokoladepudding med Saus", "price": 22.6, "product_variant": "2 stk, 310 g", "quantity_info": [[2.0, "stk"], [310.0, "g"]], "image_url": "/media/uploads/public/374/176/324976-440a8-product_list.jpg", "unit_price_raw": "kr 72,90 per kg", "product_url": "https://kolonial.no/produkter/25625-kos-kos-sjokoladepudding-med-saus-2-stk/", "kolonial_id": "25625"},
  {"category": "Is i boks", "category_list": ["Alle varer", "Is og desserter", "Is i boks"], "title": "Iskrem Tiramisu", "price": 65.3, "product_variant": "1 l", "quantity_info": [[1.0, "l"]], "image_url": "/media/uploads/public/265/59/122059-f58f9-product_list.jpg", "unit_price_raw": "kr 65,30 per l", "product_url": "https://kolonial.no/produkter/23184-tonitto-iskrem-tiramisu/", "kolonial_id": "23184"},
  {"category": "Is i boks", "category_list": ["Alle varer", "Is og desserter", "Is i boks"], "title": "H\u00e4agen Dazs Belgian Chocolate", "price": 67.3, "product_variant": "500 g", "quantity_info": [[500.0, "g"]], "image_url": "/media/uploads/public/0/133/111733-c4ebf-product_list.jpg", "unit_price_raw": "kr 134,60 per kg", "product_url": "https://kolonial.no/produkter/22777-haagen-dazs-haagen-dazs-belgian-chocolate/", "kolonial_id": "22777"},
  {"category": "S\u00e5pe", "category_list": ["Alle varer", "Shampo, s\u00e5pe og krem", "S\u00e5pe"], "title": "Lavendel Shower & Oil", "price": 49.4, "product_variant": "250 ml", "quantity_info": [[250.0, "ml"]], "image_url": "/media/uploads/public/77/236/973436-409ac-product_list.jpg", "unit_price_raw": "kr 197,60 per l", "product_url": "https://kolonial.no/produkter/27384-naturelle-lavendel-shower-oil/", "kolonial_id": "27384"},
  {"category": "S\u00e5pe", "category_list": ["Alle varer", "Shampo, s\u00e5pe og krem", "S\u00e5pe"], "title": "Showergel", "price": 31.7, "product_variant": "200 ml", "quantity_info": [[200.0, "ml"]], "image_url": "/media/uploads/public/190/117/971317-89617-product_list.jpg", "unit_price_raw": "kr 158,50 per l", "product_url": "https://kolonial.no/produkter/23644-organic-circle-showergel/", "kolonial_id": "23644"},
  {"category": "Spesial\u00f8l og import", "category_list": ["Alle varer", "\u00d8l, cider og rusbrus", "Spesial\u00f8l og import"], "title": "Aass Bayer", "price": 135.6, "product_variant": "4x0,5 liter, 2 l", "quantity_info": [[4.0, "x"], [0.5, "liter"], [2.0, "l"]], "image_url": "/media/uploads/public/285/120/968120-3e443-product_list.jpg", "unit_price_raw": "kr 67,80 per l", "product_url": "https://kolonial.no/produkter/13249-aass-bryggeri-aass-bayer-4x05-liter/", "kolonial_id": "13249"},
  {"category": "Spesial\u00f8l og import", "category_list": ["Alle varer", "\u00d8l, cider og rusbrus", "Spesial\u00f8l og import"], "title": "Aass Pale Ale", "price": 148.6, "product_variant": "4x0,5l, 2 l", "quantity_info": [[4.0, "x"], [0.5, "l"], [2.0, "l"]], "image_url": "/media/uploads/public/28/175/651375-65ca7-product_list.jpg", "unit_price_raw": "kr 74,30 per l", "product_url": "https://kolonial.no/produkter/27097-aass-bryggeri-aass-pale-ale-4x05l/", "kolonial_id": "27097"},
  {"category": "\u00d8l", "category_list": ["Alle varer", "\u00d8l, cider og rusbrus", "\u00d8l"], "title": "Dahls Pils", "price": 39.1, "product_variant": "0,5 l", "quantity_info": [[0.5, "l"]], "image_url": "/media/uploads/public/0/119/82519-921e3-product_list.jpg", "unit_price_raw": "kr 78,20 per l", "product_url": "https://kolonial.no/produkter/20206-ringnes-dahls-pils/", "kolonial_id": "20206"},
  {"category": "\u00d8l", "category_list": ["Alle varer", "\u00d8l, cider og rusbrus", "\u00d8l"], "title": "Hansa Lett\u00f8l", "price": 123.0, "product_variant": "0,5 x 6stk, 0,5 l", "quantity_info": [[0.5, "x"], [6.0, "stk"], [0.5, "l"]], "image_url": "/media/uploads/public/91/342/1020742-d106b-product_list.jpg", "unit_price_raw": "kr 246,00 per l", "product_url": "https://kolonial.no/produkter/26192-hansa-borg-hansa-lettol-05-x-6stk/", "kolonial_id": "26192"},
  {"category": "Potetchips og snacks", "category_list": ["Alle varer", "Snacks og godteri", "Potetchips og snacks"], "title": "Goldfish", "price": 28.5, "product_variant": "165 g", "quantity_info": [[165.0, "g"]], "image_url": "/media/uploads/public/348/346/967546-b66e3-product_list.jpg", "unit_price_raw": "kr 172,73 per kg", "product_url": "https://kolonial.no/produkter/13456-maarud-goldfish-165g/", "kolonial_id": "13456"},
  {"category": "Potetchips og snacks", "category_list": ["Alle varer", "Snacks og godteri", "Potetchips og snacks"], "title": "Crisps Ovnsbakte Chips", "price": 30.9, "product_variant": "Paprika, 150 g", "quantity_info": [[150.0, "g"]], "image_url": "/media/uploads/public/174/103/972903-47ae9-product_list.jpg", "unit_price_raw": "kr 206,00 per kg", "product_url": "https://kolonial.no/produkter/26812-kims-crisps-ovnsbakte-chips-paprika/", "kolonial_id": "26812"},
  {"category": "Ferdigsauser", "category_list": ["Alle varer", "Middager og tilbeh\u00f8r", "Ferdigsauser"], "title": "Hollandaise Ferdigsaus", "price": 37.0, "product_variant": "300 ml", "quantity_info": [[300.0, "ml"]], "image_url": "/media/uploads/public/152/167/324967-7b2e2-product_list.jpg", "unit_price_raw": "kr 123,33 per l", "product_url": "https://kolonial.no/produkter/25618-knorr-hollandaise-ferdigsaus/", "kolonial_id": "25618"},
  {"category": "Ferdigsauser", "category_list": ["Alle varer", "Middager og tilbeh\u00f8r", "Ferdigsauser"], "title": "Kos Jordb\u00e6rsaus", "price": 28.8, "product_variant": "250 g", "quantity_info": [[250.0, "g"]], "image_url": "/media/uploads/public/168/180/324980-65596-product_list.jpg", "unit_price_raw": "kr 115,20 per kg", "product_url": "https://kolonial.no/produkter/25630-fjordland-kos-jordbaersaus/", "kolonial_id": "25630"},
  {"category": "Godteri", "category_list": ["Alle varer", "Snacks og godteri", "Godteri"], "title": "Nidar Vill Fruktige B\u00e6r", "price": 36.9, "product_variant": "120 g", "quantity_info": [[120.0, "g"]], "image_url": "/media/uploads/public/211/79/975679-89e57-product_list.jpg", "unit_price_raw": "kr 307,50 per kg", "product_url": "https://kolonial.no/produkter/27897-vill-nidar-vill-fruktige-baer/", "kolonial_id": "27897"},
  {"category": "Godteri", "category_list": ["Alle varer", "Snacks og godteri", "Godteri"], "title": "Nidar Vill Friske Frukter", "price": 36.9, "product_variant": "120 g", "quantity_info": [[120.0, "g"]], "image_url": "/media/uploads/public/18/81/975681-10626-product_list.jpg", "unit_price_raw": "kr 307,50 per kg", "product_url": "https://kolonial.no/produkter/27900-vill-nidar-vill-friske-frukter/", "kolonial_id": "27900"},
  {"category": "Mel og sukker", "category_list": ["Alle varer", "Mel og bakeingredienser", "Mel og sukker"], "title": "Sukrin Melis", "price": 63.5, "product_variant": "Naturlig S\u00f8tstoff, 400 g", "quantity_info": [[400.0, "g"]], "image_url": "/media/uploads/public/225/35/1000835-2639f-product_list.jpg", "unit_price_raw": "kr 158,75 per kg", "product_url": "https://kolonial.no/produkter/17794-sukrin-sukrin-melis-naturlig-sotstoff/", "kolonial_id": "17794"},
  {"category": "Mel og sukker", "category_list": ["Alle varer", "Mel og bakeingredienser", "Mel og sukker"], "title": "Sukrin Gold", "price": 79.5, "product_variant": "Naturlig S\u00f8tstoff, 500 g", "quantity_info": [[500.0, "g"]], "image_url": "/media/uploads/public/217/33/1000833-536b8-product_list.jpg", "unit_price_raw": "kr 159,00 per kg", "product_url": "https://kolonial.no/produkter/18058-sukrin-sukrin-gold-naturlig-sotstoff/", "kolonial_id": "18058"},
  {"category": "Sjokolade", "category_list": ["Alle varer", "Snacks og godteri", "Sjokolade"], "title": "Smil", "price": 20.4, "product_variant": "78 g", "quantity_info": [[78.0, "g"]], "image_url": "/media/uploads/public/226/160/964560-1e2b5-product_list.jpg", "unit_price_raw": "kr 261,54 per kg", "product_url": "https://kolonial.no/produkter/282-freia-smil/", "kolonial_id": "282"},
  {"category": "Sjokolade", "category_list": ["Alle varer", "Snacks og godteri", "Sjokolade"], "title": "Melkerull", "price": 17.7, "product_variant": "74 g", "quantity_info": [[74.0, "g"]], "image_url": "/media/uploads/public/60/168/964568-40653-product_list.jpg", "unit_price_raw": "kr 239,19 per kg", "product_url": "https://kolonial.no/produkter/7312-freia-melkerull-74g/", "kolonial_id": "7312"},
  {"category": "Dessert", "category_list": ["Alle varer", "Is og desserter", "Dessert"], "title": "Piano Sjokoladepudding", "price": 24.6, "product_variant": "2x160, 320 g", "quantity_info": [[2.0, "x"], [160.32, "g"]], "image_url": "/media/uploads/public/316/174/324974-7ca22-product_list.jpg", "unit_price_raw": "kr 76,88 per kg", "product_url": "https://kolonial.no/produkter/25623-tine-piano-sjokoladepudding-2x160/", "kolonial_id": "25623"},
  {"category": "Dessert", "category_list": ["Alle varer", "Is og desserter", "Dessert"], "title": "KOS Riskrem", "price": 41.7, "product_variant": "675 g", "quantity_info": [[675.0, "g"]], "image_url": "/media/uploads/public/0/269/46669-22ad8-product_list.jpg", "unit_price_raw": "kr 61,78 per kg", "product_url": "https://kolonial.no/produkter/16930-tine-kos-riskrem/", "kolonial_id": "16930"},
  {"category": "Is i boks", "category_list": ["Alle varer", "Is og desserter", "Is i boks"], "title": "H\u00e4agen Dazs Vanilla", "price": 67.3, "product_variant": "500 g", "quantity_info": [[500.0, "g"]], "image_url": "/media/uploads/public/0/136/111736-b0453-product_list.jpg", "unit_price_raw": "kr 134,60 per kg", "product_url": "https://kolonial.no/produkter/22774-haagen-dazs-haagen-dazs-vanilla/", "kolonial_id": "22774"},
  {"category": "Is i boks", "category_list": ["Alle varer", "Is og desserter", "Is i boks"], "title": "H\u00e4agen Dazs Chocolate Dough Chip", "price": 65.9, "product_variant": "500 g", "quantity_info": [[500.0, "g"]], "image_url": "/media/uploads/public/0/139/111739-35b1a-product_list.jpg", "unit_price_raw": "kr 131,80 per kg", "product_url": "https://kolonial.no/produkter/22792-haagen-dazs-haagen-dazs-chocolate-dough-chip/", "kolonial_id": "22792"},
  {"category": "S\u00e5pe", "category_list": ["Alle varer", "Shampo, s\u00e5pe og krem", "S\u00e5pe"], "title": "Makeup Remover Wipes", "price": 41.9, "product_variant": "25 stk", "quantity_info": [[25.0, "stk"]], "image_url": "/media/uploads/public/346/49/964449-448b7-product_list.jpg", "unit_price_raw": "kr 1,68 per stk", "product_url": "https://kolonial.no/produkter/13993-neutral-makeup-remover-wipes-25stk/", "kolonial_id": "13993"},
  {"category": "S\u00e5pe", "category_list": ["Alle varer", "Shampo, s\u00e5pe og krem", "S\u00e5pe"], "title": "Shower Gel Classic", "price": 52.4, "product_variant": "275 ml", "quantity_info": [[275.0, "ml"]], "image_url": "/media/uploads/public/222/305/143105-8aeb4-product_list.jpg", "unit_price_raw": "kr 190,55 per l", "product_url": "https://kolonial.no/produkter/24307-his-shower-gel-classic/", "kolonial_id": "24307"},
  {"category": "Kjeks", "category_list": ["Alle varer", "Kaker, kjeks og desserter", "Kjeks"], "title": "Digestive", "price": 28.6, "product_variant": "400 g", "quantity_info": [[400.0, "g"]], "image_url": "/media/uploads/public/120/357/964757-2bf20-product_list.jpg", "unit_price_raw": "kr 71,50 per kg", "product_url": "https://kolonial.no/produkter/13510-saetre-digestive-400g/", "kolonial_id": "13510"},
  {"category": "\u00d8l", "category_list": ["Alle varer", "\u00d8l, cider og rusbrus", "\u00d8l"], "title": "Nordlandspils", "price": 39.1, "product_variant": "0,5 l", "quantity_info": [[0.5, "l"]], "image_url": "/media/uploads/public/0/104/82504-859e2-product_list.jpg", "unit_price_raw": "kr 78,20 per l", "product_url": "https://kolonial.no/produkter/20203-ringnes-nordlandspils/", "kolonial_id": "20203"},
  {"category": "\u00d8l", "category_list": ["Alle varer", "\u00d8l, cider og rusbrus", "\u00d8l"], "title": "Ringnes Lett\u00f8l", "price": 18.7, "product_variant": "0,33 l", "quantity_info": [[0.33, "l"]], "image_url": "/media/uploads/public/0/23/82423-2104c-product_list.jpg", "unit_price_raw": "kr 56,67 per l", "product_url": "https://kolonial.no/produkter/20086-ringnes-ringnes-lettol/", "kolonial_id": "20086"},
  {"category": "Potetchips og snacks", "category_list": ["Alle varer", "Snacks og godteri", "Potetchips og snacks"], "title": "Digg Salsa Dip Medium", "price": 32.9, "product_variant": "255 g", "quantity_info": [[255.0, "g"]], "image_url": "/media/uploads/public/128/303/970303-d8826-product_list.jpg", "unit_price_raw": "kr 129,02 per kg", "product_url": "https://kolonial.no/produkter/21211-kims-digg-salsa-dip-medium/", "kolonial_id": "21211"},
  {"category": "Ferdigsauser", "category_list": ["Alle varer", "Middager og tilbeh\u00f8r", "Ferdigsauser"], "title": "Soya Sesam Asian Naturals Woksaus", "price": 18.2, "product_variant": "120 g", "quantity_info": [[120.0, "g"]], "image_url": "/media/uploads/public/224/122/188122-e21e4-product_list.jpg", "unit_price_raw": "kr 151,67 per kg", "product_url": "https://kolonial.no/produkter/25359-go-tan-soya-sesam-asian-naturals-woksaus/", "kolonial_id": "25359"},
  {"category": "Ferdigsauser", "category_list": ["Alle varer", "Middager og tilbeh\u00f8r", "Ferdigsauser"], "title": "Chili Hvitl\u00f8k Wok", "price": 29.9, "product_variant": "240 ml", "quantity_info": [[240.0, "ml"]], "image_url": "/media/uploads/public/240/387/1015587-25b8b-product_list.jpg", "unit_price_raw": "kr 124,58 per l", "product_url": "https://kolonial.no/produkter/27230-go-tan-chili-hvitlok-wok/", "kolonial_id": "27230"},
  {"category": "Mel og sukker", "category_list": ["Alle varer", "Mel og bakeingredienser", "Mel og sukker"], "title": "Sirup M\u00f8rk", "price": 16.9, "product_variant": "500 g", "quantity_info": [[500.0, "g"]], "image_url": "/media/uploads/public/387/175/969375-42d52-product_list.jpg", "unit_price_raw": "kr 33,80 per kg", "product_url": "https://kolonial.no/produkter/18073-dansukker-sirup-mork/", "kolonial_id": "18073"},
  {"category": "Sjokolade", "category_list": ["Alle varer", "Snacks og godteri", "Sjokolade"], "title": "Krokanrull", "price": 23.5, "product_variant": "71 g", "quantity_info": [[71.0, "g"]], "image_url": "/media/uploads/public/27/167/964567-a99ac-product_list.jpg", "unit_price_raw": "kr 330,99 per kg", "product_url": "https://kolonial.no/produkter/290-krokanrull/", "kolonial_id": "290"},
  {"category": "Sjokolade", "category_list": ["Alle varer", "Snacks og godteri", "Sjokolade"], "title": "Center Rull Original", "price": 25.8, "product_variant": "78 g", "quantity_info": [[78.0, "g"]], "image_url": "/media/uploads/public/339/239/964239-26345-product_list.jpg", "unit_price_raw": "kr 330,77 per kg", "product_url": "https://kolonial.no/produkter/15381-cloetta-center-rull-original/", "kolonial_id": "15381"},
  {"category": "Dessert", "category_list": ["Alle varer", "Is og desserter", "Dessert"], "title": "Karamellpudding", "price": 14.7, "product_variant": "75 g", "quantity_info": [[75.0, "g"]], "image_url": "/media/uploads/public/69/399/967599-18643-product_list.jpg", "unit_price_raw": "kr 196,00 per kg", "product_url": "https://kolonial.no/produkter/9167-freia-karamellpudding/", "kolonial_id": "9167"},
  {"category": "Dessert", "category_list": ["Alle varer", "Is og desserter", "Dessert"], "title": "Karamelltopping", "price": 28.4, "product_variant": "360 g", "quantity_info": [[360.0, "g"]], "image_url": "/media/uploads/public/319/195/964595-81d40-product_list.jpg", "unit_price_raw": "kr 78,89 per kg", "product_url": "https://kolonial.no/produkter/85-freia-karamelltopping/", "kolonial_id": "85"},
  {"category": "Is i boks", "category_list": ["Alle varer", "Is og desserter", "Is i boks"], "title": "H\u00e4agen Dazs Chocolate Saltet Caramel", "price": 67.3, "product_variant": "500 g", "quantity_info": [[500.0, "g"]], "image_url": "/media/uploads/public/0/154/111754-88e8d-product_list.jpg", "unit_price_raw": "kr 134,60 per kg", "product_url": "https://kolonial.no/produkter/22357-haagen-dazs-haagen-dazs-chocolate-saltet-caramel/", "kolonial_id": "22357"},
  {"category": "Is i boks", "category_list": ["Alle varer", "Is og desserter", "Is i boks"], "title": "H\u00e4agen Dazs Saltet Caramel", "price": 67.1, "product_variant": "500 g", "quantity_info": [[500.0, "g"]], "image_url": "/media/uploads/public/0/148/111748-bf211-product_list.jpg", "unit_price_raw": "kr 134,20 per kg", "product_url": "https://kolonial.no/produkter/22783-haagen-dazs-haagen-dazs-saltet-caramel/", "kolonial_id": "22783"},
  {"category": "S\u00e5pe", "category_list": ["Alle varer", "Shampo, s\u00e5pe og krem", "S\u00e5pe"], "title": "Trippeldusj", "price": 23.2, "product_variant": "220 ml", "quantity_info": [[220.0, "ml"]], "image_url": "/media/uploads/public/210/215/972215-58036-product_list.jpg", "unit_price_raw": "kr 105,45 per l", "product_url": "https://kolonial.no/produkter/14089-asan-trippeldusj-220ml/", "kolonial_id": "14089"},
  {"category": "Spesial\u00f8l og import", "category_list": ["Alle varer", "\u00d8l, cider og rusbrus", "Spesial\u00f8l og import"], "title": "Corona Extra", "price": 39.2, "product_variant": "355 ml", "quantity_info": [[355.0, "ml"]], "image_url": "/media/uploads/public/0/128/82528-6667f-product_list.jpg", "unit_price_raw": "kr 110,42 per l", "product_url": "https://kolonial.no/produkter/20158-corona-corona-extra/", "kolonial_id": "20158"},
  {"category": "Spesial\u00f8l og import", "category_list": ["Alle varer", "\u00d8l, cider og rusbrus", "Spesial\u00f8l og import"], "title": "Frydenlund Session IPA", "price": 39.5, "product_variant": "0,5 l", "quantity_info": [[0.5, "l"]], "image_url": "/media/uploads/public/125/153/616953-82ca7-product_list.jpg", "unit_price_raw": "kr 79,00 per l", "product_url": "https://kolonial.no/produkter/26369-frydenlund-frydenlund-session-ipa/", "kolonial_id": "26369"},
  {"category": "Kjeks", "category_list": ["Alle varer", "Kaker, kjeks og desserter", "Kjeks"], "title": "Gullvafler Vanilje", "price": 35.8, "product_variant": "250 g", "quantity_info": [[250.0, "g"]], "image_url": "/media/uploads/public/282/361/964761-c3647-product_list.jpg", "unit_price_raw": "kr 143,20 per kg", "product_url": "https://kolonial.no/produkter/7204-saetre-gullvafler-vanilje-250g/", "kolonial_id": "7204"},
  {"category": "Kjeks", "category_list": ["Alle varer", "Kaker, kjeks og desserter", "Kjeks"], "title": "Gjende Eventyrkjeks", "price": 33.9, "product_variant": "175 g", "quantity_info": [[175.0, "g"]], "image_url": "/media/uploads/public/314/254/968254-5745a-product_list.jpg", "unit_price_raw": "kr 193,71 per kg", "product_url": "https://kolonial.no/produkter/14494-gjende-eventyrkjeks-175g/", "kolonial_id": "14494"},
  {"category": "\u00d8l", "category_list": ["Alle varer", "\u00d8l, cider og rusbrus", "\u00d8l"], "title": "Sagene Fat\u00f8l", "price": 37.0, "product_variant": "0,5 l", "quantity_info": [[0.5, "l"]], "image_url": "/media/uploads/public/319/195/324995-c8aaf-product_list.jpg", "unit_price_raw": "kr 74,00 per l", "product_url": "https://kolonial.no/produkter/25645-sagene-pilsner-sagene-fatol/", "kolonial_id": "25645"},
  {"category": "\u00d8l", "category_list": ["Alle varer", "\u00d8l, cider og rusbrus", "\u00d8l"], "title": "Tou Pilsner", "price": 39.1, "product_variant": "0,5 l", "quantity_info": [[0.5, "l"]], "image_url": "/media/uploads/public/0/5/82405-4c9ad-product_list.jpg", "unit_price_raw": "kr 78,20 per l", "product_url": "https://kolonial.no/produkter/20059-ringnes-tou-pilsner/", "kolonial_id": "20059"},
  {"category": "Potetchips og snacks", "category_list": ["Alle varer", "Snacks og godteri", "Potetchips og snacks"], "title": "Digg Dip Guacamole", "price": 37.0, "product_variant": "250 g", "quantity_info": [[250.0, "g"]], "image_url": "/media/uploads/public/134/304/964704-d093b-product_list.jpg", "unit_price_raw": "kr 148,00 per kg", "product_url": "https://kolonial.no/produkter/9818-kims-digg-dip-guacamole-250g/", "kolonial_id": "9818"},
  {"category": "Potetchips og snacks", "category_list": ["Alle varer", "Snacks og godteri", "Potetchips og snacks"], "title": "Dipmix", "price": 38.8, "product_variant": "Holiday, 3-pakk, 66 g", "quantity_info": [[3.0, "pakk"], [66.0, "g"]], "image_url": "/media/uploads/public/181/279/969479-234f2-product_list.jpg", "unit_price_raw": "kr 587,88 per kg", "product_url": "https://kolonial.no/produkter/298-maarud-dipmix-holiday-3-pakk/", "kolonial_id": "298"},
  {"category": "Ferdigsauser", "category_list": ["Alle varer", "Middager og tilbeh\u00f8r", "Ferdigsauser"], "title": "Chilipaste Sambal Oelek", "price": 28.9, "product_variant": "100 g", "quantity_info": [[100.0, "g"]], "image_url": "/media/uploads/public/150/366/973166-dc21e-product_list.jpg", "unit_price_raw": "kr 289,00 per kg", "product_url": "https://kolonial.no/produkter/27232-go-tan-chilipaste-sambal-oelek/", "kolonial_id": "27232"},
  {"category": "Ferdigsauser", "category_list": ["Alle varer", "Middager og tilbeh\u00f8r", "Ferdigsauser"], "title": "Chilisaus Mindre Sukker", "price": 48.9, "product_variant": "490 ml", "quantity_info": [[490.0, "ml"]], "image_url": "/media/uploads/public/238/394/664794-dc959-product_list.jpg", "unit_price_raw": "kr 99,80 per l", "product_url": "https://kolonial.no/produkter/27221-go-tan-chilisaus-mindre-sukker/", "kolonial_id": "27221"},
  {"category": "Mel og sukker", "category_list": ["Alle varer", "Mel og bakeingredienser", "Mel og sukker"], "title": "Sirup Lys", "price": 12.7, "product_variant": "500 g", "quantity_info": [[500.0, "g"]], "image_url": "/media/uploads/public/396/320/965120-b2d29-product_list.jpg", "unit_price_raw": "kr 25,40 per kg", "product_url": "https://kolonial.no/produkter/6652-dansukker-sirup-lys-500g/", "kolonial_id": "6652"},
  {"category": "Sjokolade", "category_list": ["Alle varer", "Snacks og godteri", "Sjokolade"], "title": "Daimrull", "price": 21.5, "product_variant": "67 g", "quantity_info": [[67.0, "g"]], "image_url": "/media/uploads/public/202/226/370226-cc275-product_list.jpg", "unit_price_raw": "kr 320,90 per kg", "product_url": "https://kolonial.no/produkter/25927-freia-daimrull/", "kolonial_id": "25927"},
  {"category": "Dessert", "category_list": ["Alle varer", "Is og desserter", "Dessert"], "title": "Sjokoladetopping", "price": 37.4, "product_variant": "Stivner p\u00e5 isen, 300 g", "quantity_info": [[300.0, "g"]], "image_url": "/media/uploads/public/177/241/964641-fd7dc-product_list.jpg", "unit_price_raw": "kr 124,67 per kg", "product_url": "https://kolonial.no/produkter/14320-freia-sjokoladetopping-stivner-pa-isen-300g/", "kolonial_id": "14320"},
  {"category": "Is i boks", "category_list": ["Alle varer", "Is og desserter", "Is i boks"], "title": "H\u00e4agen Dazs Strawberry Cheesecake", "price": 67.3, "product_variant": "500 g", "quantity_info": [[500.0, "g"]], "image_url": "/media/uploads/public/0/157/111757-d8686-product_list.jpg", "unit_price_raw": "kr 134,60 per kg", "product_url": "https://kolonial.no/produkter/22786-haagen-dazs-haagen-dazs-strawberry-cheesecake/", "kolonial_id": "22786"},
  {"category": "Is i boks", "category_list": ["Alle varer", "Is og desserter", "Is i boks"], "title": "Vanilla Dream", "price": 102.2, "product_variant": "0,9 l", "quantity_info": [[0.9, "l"]], "image_url": "/media/uploads/public/126/351/968351-9c284-product_list.jpg", "unit_price_raw": "kr 113,56 per l", "product_url": "https://kolonial.no/produkter/3265-movenpick-vanilla-dream-09l/", "kolonial_id": "3265"},
  {"category": "S\u00e5pe", "category_list": ["Alle varer", "Shampo, s\u00e5pe og krem", "S\u00e5pe"], "title": "Mild Dusjgel\u00e9", "price": 37.9, "product_variant": "250 ml", "quantity_info": [[250.0, "ml"]], "image_url": "/media/uploads/public/26/287/970287-8fc8d-product_list.jpg", "unit_price_raw": "kr 151,60 per l", "product_url": "https://kolonial.no/produkter/21166-dr-greve-mild-dusjgele/", "kolonial_id": "21166"},
  {"category": "S\u00e5pe", "category_list": ["Alle varer", "Shampo, s\u00e5pe og krem", "S\u00e5pe"], "title": "Nourishing Shower", "price": 44.7, "product_variant": "250 ml", "quantity_info": [[250.0, "ml"]], "image_url": "/media/uploads/public/3/314/969514-2c96a-product_list.jpg", "unit_price_raw": "kr 178,80 per l", "product_url": "https://kolonial.no/produkter/18397-dove-nourishing-shower/", "kolonial_id": "18397"},
  {"category": "Spesial\u00f8l og import", "category_list": ["Alle varer", "\u00d8l, cider og rusbrus", "Spesial\u00f8l og import"], "title": "Hansa Spesial IPA", "price": 40.8, "product_variant": "0,5 l", "quantity_info": [[0.5, "l"]], "image_url": "/media/uploads/public/78/338/1020738-899c1-product_list.jpg", "unit_price_raw": "kr 81,60 per l", "product_url": "https://kolonial.no/produkter/22081-hansa-borg-hansa-spesial-ipa/", "kolonial_id": "22081"},
  {"category": "Spesial\u00f8l og import", "category_list": ["Alle varer", "\u00d8l, cider og rusbrus", "Spesial\u00f8l og import"], "title": "Hansa Spesial Porter", "price": 37.9, "product_variant": "0,5 l", "quantity_info": [[0.5, "l"]], "image_url": "/media/uploads/public/147/337/1020737-2fc11-product_list.jpg", "unit_price_raw": "kr 75,80 per l", "product_url": "https://kolonial.no/produkter/26189-hansa-borg-hansa-spesial-porter/", "kolonial_id": "26189"},
  {"category": "Kjeks", "category_list": ["Alle varer", "Kaker, kjeks og desserter", "Kjeks"], "title": "Snack", "price": 31.2, "product_variant": "Glutenfri, 105 g", "quantity_info": [[105.0, "g"]], "image_url": "/media/uploads/public/133/153/965353-72663-product_list.jpg", "unit_price_raw": "kr 297,14 per kg", "product_url": "https://kolonial.no/produkter/2479-schar-snack-glutenfri/", "kolonial_id": "2479"},
  {"category": "Kjeks", "category_list": ["Alle varer", "Kaker, kjeks og desserter", "Kjeks"], "title": "Start Kjeks", "price": 34.3, "product_variant": "125 g", "quantity_info": [[125.0, "g"]], "image_url": "/media/uploads/public/253/330/964730-ea565-product_list.jpg", "unit_price_raw": "kr 274,40 per kg", "product_url": "https://kolonial.no/produkter/13504-saetre-start-kjeks-125g/", "kolonial_id": "13504"},
  {"category": "\u00d8l", "category_list": ["Alle varer", "\u00d8l, cider og rusbrus", "\u00d8l"], "title": "Tuborg Classic", "price": 159.9, "product_variant": "6 x 0,5l, 3 l", "quantity_info": [[6.0, "x"], [0.5, "l"], [3.0, "l"]], "image_url": "/media/uploads/public/349/161/993361-5a984-product_list.jpg", "unit_price_raw": "kr 53,30 per l", "product_url": "https://kolonial.no/produkter/28020-tuborg-tuborg-classic-6-x-05l/", "kolonial_id": "28020"},
  {"category": "Potetchips og snacks", "category_list": ["Alle varer", "Snacks og godteri", "Potetchips og snacks"], "title": "Dipmix Holiday", "price": 15.9, "product_variant": "22 g", "quantity_info": [[22.0, "g"]], "image_url": "/media/uploads/public/140/282/969482-257f2-product_list.jpg", "unit_price_raw": "kr 722,73 per kg", "product_url": "https://kolonial.no/produkter/7120-maarud-dipmix-holiday-22g/", "kolonial_id": "7120"},
  {"category": "Potetchips og snacks", "category_list": ["Alle varer", "Snacks og godteri", "Potetchips og snacks"], "title": "Tortillachips Sea Salt", "price": 23.6, "product_variant": "185 g", "quantity_info": [[185.0, "g"]], "image_url": "/media/uploads/public/271/326/1020726-b3cfd-product_list.jpg", "unit_price_raw": "kr 127,57 per kg", "product_url": "https://kolonial.no/produkter/11458-old-el-paso-tortillachips-sea-salt-185g/", "kolonial_id": "11458"},
  {"category": "Ferdigsauser", "category_list": ["Alle varer", "Middager og tilbeh\u00f8r", "Ferdigsauser"], "title": "Lemongrass Wok", "price": 29.9, "product_variant": "240 ml", "quantity_info": [[240.0, "ml"]], "image_url": "/media/uploads/public/335/358/973158-4bc06-product_list.jpg", "unit_price_raw": "kr 124,58 per l", "product_url": "https://kolonial.no/produkter/27229-go-tan-lemongrass-wok/", "kolonial_id": "27229"},
  {"category": "Mel og sukker", "category_list": ["Alle varer", "Mel og bakeingredienser", "Mel og sukker"], "title": "Brunt Sukker i R\u00f8r", "price": 495.4, "product_variant": "5g, 1000 stk", "quantity_info": [[5.0, "g"], [1000.0, "stk"]], "image_url": "/media/uploads/public/0/318/28318-3e4d7-product_list.jpg", "unit_price_raw": "kr 0,50 per stk", "product_url": "https://kolonial.no/produkter/13579-brunt-sukker-i-ror-5g/", "kolonial_id": "13579"},
  {"category": "Sjokolade", "category_list": ["Alle varer", "Snacks og godteri", "Sjokolade"], "title": "Lion King Size", "price": 17.7, "product_variant": "60 g", "quantity_info": [[60.0, "g"]], "image_url": "/media/uploads/public/110/87/1010887-477b1-product_list.jpg", "unit_price_raw": "kr 295,00 per kg", "product_url": "https://kolonial.no/produkter/5524-nestle-lion-king-size/", "kolonial_id": "5524"},
  {"category": "Dessert", "category_list": ["Alle varer", "Is og desserter", "Dessert"], "title": "Salt Lakristopping", "price": 36.0, "product_variant": "360 g", "quantity_info": [[360.0, "g"]], "image_url": "/media/uploads/public/142/195/370195-c6616-product_list.jpg", "unit_price_raw": "kr 100,00 per kg", "product_url": "https://kolonial.no/produkter/25896-freia-salt-lakristopping/", "kolonial_id": "25896"},
  {"category": "Dessert", "category_list": ["Alle varer", "Is og desserter", "Dessert"], "title": "Daim Hard Topping", "price": 36.0, "product_variant": "280 g", "quantity_info": [[280.0, "g"]], "image_url": "/media/uploads/public/164/196/370196-3ed48-product_list.jpg", "unit_price_raw": "kr 128,57 per kg", "product_url": "https://kolonial.no/produkter/25897-freia-daim-hard-topping/", "kolonial_id": "25897"},
  {"category": "Is i boks", "category_list": ["Alle varer", "Is og desserter", "Is i boks"], "title": "Maple Walnut", "price": 96.1, "product_variant": "0,9 l", "quantity_info": [[0.9, "l"]], "image_url": "/media/uploads/public/291/353/968353-dd809-product_list.jpg", "unit_price_raw": "kr 106,78 per l", "product_url": "https://kolonial.no/produkter/3262-movenpick-maple-walnut-09l/", "kolonial_id": "3262"},
  {"category": "Is i boks", "category_list": ["Alle varer", "Is og desserter", "Is i boks"], "title": "Caramelita", "price": 102.2, "product_variant": "0,9 l", "quantity_info": [[0.9, "l"]], "image_url": "/media/uploads/public/349/89/970089-f2ba5-product_list.jpg", "unit_price_raw": "kr 113,56 per l", "product_url": "https://kolonial.no/produkter/19810-movenpick-caramelita/", "kolonial_id": "19810"},
  {"category": "S\u00e5pe", "category_list": ["Alle varer", "Shampo, s\u00e5pe og krem", "S\u00e5pe"], "title": "Argan Showergel", "price": 42.1, "product_variant": "250 ml", "quantity_info": [[250.0, "ml"]], "image_url": "/media/uploads/public/194/148/262548-c81dd-product_list.jpg", "unit_price_raw": "kr 168,40 per l", "product_url": "https://kolonial.no/produkter/25540-vaseline-intensive-care-argan-showergel/", "kolonial_id": "25540"},
  {"category": "S\u00e5pe", "category_list": ["Alle varer", "Shampo, s\u00e5pe og krem", "S\u00e5pe"], "title": "Aloe Shower Gel", "price": 42.1, "product_variant": "250 ml", "quantity_info": [[250.0, "ml"]], "image_url": "/media/uploads/public/246/149/262549-47db1-product_list.jpg", "unit_price_raw": "kr 168,40 per l", "product_url": "https://kolonial.no/produkter/25541-vaseline-intensive-care-aloe-shower-gel/", "kolonial_id": "25541"},
  {"category": "Spesial\u00f8l og import", "category_list": ["Alle varer", "\u00d8l, cider og rusbrus", "Spesial\u00f8l og import"], "title": "San Miguel", "price": 37.0, "product_variant": "0,5 l", "quantity_info": [[0.5, "l"]], "image_url": "/media/uploads/public/37/143/972943-f7334-product_list.jpg", "unit_price_raw": "kr 74,00 per l", "product_url": "https://kolonial.no/produkter/23954-san-miguel/", "kolonial_id": "23954"},
  {"category": "Spesial\u00f8l og import", "category_list": ["Alle varer", "\u00d8l, cider og rusbrus", "Spesial\u00f8l og import"], "title": "Pilsner Urquell", "price": 44.5, "product_variant": "0,5 l", "quantity_info": [[0.5, "l"]], "image_url": "/media/uploads/public/266/279/965079-95f32-product_list.jpg", "unit_price_raw": "kr 89,00 per l", "product_url": "https://kolonial.no/produkter/10097-pilsner-urquell-44-05l/", "kolonial_id": "10097"},
  {"category": "Kjeks", "category_list": ["Alle varer", "Kaker, kjeks og desserter", "Kjeks"], "title": "Meulen Melba Toast", "price": 31.8, "product_variant": "100 g", "quantity_info": [[100.0, "g"]], "image_url": "/media/uploads/public/0/119/13319-3d339-product_list.jpg", "unit_price_raw": "kr 318,00 per kg", "product_url": "https://kolonial.no/produkter/9878-melba-meulen-melba-toast-100g/", "kolonial_id": "9878"},
  {"category": "Kjeks", "category_list": ["Alle varer", "Kaker, kjeks og desserter", "Kjeks"], "title": "Meulen Melba Toast Rund", "price": 21.6, "product_variant": "110 g", "quantity_info": [[110.0, "g"]], "image_url": "/media/uploads/public/13/11/967611-2f207-product_list.jpg", "unit_price_raw": "kr 196,36 per kg", "product_url": "https://kolonial.no/produkter/9875-melba-meulen-melba-toast-rund-110g/", "kolonial_id": "9875"},
  {"category": "Potetchips og snacks", "category_list": ["Alle varer", "Snacks og godteri", "Potetchips og snacks"], "title": "Tortilla Chips Chili", "price": 23.6, "product_variant": "185 g", "quantity_info": [[185.0, "g"]], "image_url": "/media/uploads/public/305/323/1020723-8ae08-product_list.jpg", "unit_price_raw": "kr 127,57 per kg", "product_url": "https://kolonial.no/produkter/11455-old-el-paso-tortilla-chips-chili-185g/", "kolonial_id": "11455"},
  {"category": "Ferdigsauser", "category_list": ["Alle varer", "Middager og tilbeh\u00f8r", "Ferdigsauser"], "title": "Red Curry Wok", "price": 29.9, "product_variant": "240 ml", "quantity_info": [[240.0, "ml"]], "image_url": "/media/uploads/public/338/353/973153-5b586-product_list.jpg", "unit_price_raw": "kr 124,58 per l", "product_url": "https://kolonial.no/produkter/27228-go-tan-red-curry-wok/", "kolonial_id": "27228"},
  {"category": "Ferdigsauser", "category_list": ["Alle varer", "Middager og tilbeh\u00f8r", "Ferdigsauser"], "title": "Sambal Oelek", "price": 38.9, "product_variant": "234 g", "quantity_info": [[234.0, "g"]], "image_url": "/media/uploads/public/330/0/664800-fb985-product_list.jpg", "unit_price_raw": "kr 166,24 per kg", "product_url": "https://kolonial.no/produkter/27226-go-tan-sambal-oelek/", "kolonial_id": "27226"},
  {"category": "Mel og sukker", "category_list": ["Alle varer", "Mel og bakeingredienser", "Mel og sukker"], "title": "R\u00e5r\u00f8rsukker Lyst", "price": 81.7, "product_variant": "\u00d8kologisk, 1 kg", "quantity_info": [[1.0, "kg"]], "image_url": "/media/uploads/public/0/99/83299-efb50-product_list.jpg", "unit_price_raw": "kr 81,70 per kg", "product_url": "https://kolonial.no/produkter/20344-helios-rarorsukker-lyst-okologisk/", "kolonial_id": "20344"},
  {"category": "Dessert", "category_list": ["Alle varer", "Is og desserter", "Dessert"], "title": "Melkesjokolade Topping", "price": 45.9, "product_variant": "315 g", "quantity_info": [[315.0, "g"]], "image_url": "/media/uploads/public/76/369/968369-aee5e-product_list.jpg", "unit_price_raw": "kr 145,71 per kg", "product_url": "https://kolonial.no/produkter/14260-freia-melkesjokolade-topping/", "kolonial_id": "14260"},
  {"category": "Dessert", "category_list": ["Alle varer", "Is og desserter", "Dessert"], "title": "Sjokoladetopping", "price": 32.9, "product_variant": "360 g", "quantity_info": [[360.0, "g"]], "image_url": "/media/uploads/public/279/193/964593-e9eef-product_list.jpg", "unit_price_raw": "kr 91,39 per kg", "product_url": "https://kolonial.no/produkter/73-freia-sjokoladetopping/", "kolonial_id": "73"},
  {"category": "Is i boks", "category_list": ["Alle varer", "Is og desserter", "Is i boks"], "title": "Swiss Chocolate", "price": 102.2, "product_variant": "0,9 l", "quantity_info": [[0.9, "l"]], "image_url": "/media/uploads/public/21/1/970001-27114-product_list.jpg", "unit_price_raw": "kr 113,56 per l", "product_url": "https://kolonial.no/produkter/19813-movenpick-swiss-chocolate/", "kolonial_id": "19813"},
  {"category": "Is i boks", "category_list": ["Alle varer", "Is og desserter", "Is i boks"], "title": "Macadamia Dulce de Leche", "price": 99.9, "product_variant": "0,9 l", "quantity_info": [[0.9, "l"]], "image_url": "/media/uploads/public/298/390/701590-23a89-product_list.jpg", "unit_price_raw": "kr 111,00 per l", "product_url": "https://kolonial.no/produkter/27439-movenpick-macadamia-dulce-de-leche/", "kolonial_id": "27439"},
  {"category": "S\u00e5pe", "category_list": ["Alle varer", "Shampo, s\u00e5pe og krem", "S\u00e5pe"], "title": "Dusjkrem", "price": 15.1, "product_variant": "500 ml", "quantity_info": [[500.0, "ml"]], "image_url": "/media/uploads/public/184/269/966269-8f063-product_list.jpg", "unit_price_raw": "kr 30,20 per l", "product_url": "https://kolonial.no/produkter/5257-soft-style-dusjkrem-500ml/", "kolonial_id": "5257"},
  {"category": "S\u00e5pe", "category_list": ["Alle varer", "Shampo, s\u00e5pe og krem", "S\u00e5pe"], "title": "Shower Moisture Mix", "price": 40.5, "product_variant": "Assortert variant, 250 ml", "quantity_info": [[250.0, "ml"]], "image_url": "/media/uploads/public/102/397/156397-e024f-product_list.jpg", "unit_price_raw": "kr 162,00 per l", "product_url": "https://kolonial.no/produkter/25165-nivea-shower-moisture-mix/", "kolonial_id": "25165"},
  {"category": "Spesial\u00f8l og import", "category_list": ["Alle varer", "\u00d8l, cider og rusbrus", "Spesial\u00f8l og import"], "title": "Estrella Damm", "price": 49.8, "product_variant": "0,5 l", "quantity_info": [[0.5, "l"]], "image_url": "/media/uploads/public/0/29/33229-cf250-product_list.jpg", "unit_price_raw": "kr 99,60 per l", "product_url": "https://kolonial.no/produkter/13858-estrella-damm-boks-05l/", "kolonial_id": "13858"},
  {"category": "Spesial\u00f8l og import", "category_list": ["Alle varer", "\u00d8l, cider og rusbrus", "Spesial\u00f8l og import"], "title": "Newcastle Brown Ale", "price": 67.9, "product_variant": "4,5%, 0,5 l", "quantity_info": [[4.5, ""], [0.5, "l"]], "image_url": "/media/uploads/public/272/66/987666-84c85-product_list.jpg", "unit_price_raw": "kr 135,80 per l", "product_url": "https://kolonial.no/produkter/23955-newcastle-breweries-newcastle-brown-ale-45/", "kolonial_id": "23955"},
  {"category": "Kjeks", "category_list": ["Alle varer", "Kaker, kjeks og desserter", "Kjeks"], "title": "Beste kr\u00e4cker", "price": 17.9, "product_variant": "150 g", "quantity_info": [[150.0, "g"]], "image_url": "/media/uploads/public/0/263/64663-3a32c-product_list.jpg", "unit_price_raw": "kr 119,33 per kg", "product_url": "https://kolonial.no/produkter/18532-beste-kracker/", "kolonial_id": "18532"},
  {"category": "Ferdigsauser", "category_list": ["Alle varer", "Middager og tilbeh\u00f8r", "Ferdigsauser"], "title": "Soyasauce", "price": 48.9, "product_variant": "150 ml", "quantity_info": [[150.0, "ml"]], "image_url": "/media/uploads/public/75/41/973241-70704-product_list.jpg", "unit_price_raw": "kr 326,00 per l", "product_url": "https://kolonial.no/produkter/27227-go-tan-soyasauce/", "kolonial_id": "27227"},
  {"category": "Mel og sukker", "category_list": ["Alle varer", "Mel og bakeingredienser", "Mel og sukker"], "title": "R\u00f8rsukker Str\u00f8 Demerara", "price": 24.6, "product_variant": "500 g", "quantity_info": [[500.0, "g"]], "image_url": "/media/uploads/public/135/90/970090-c7434-product_list.jpg", "unit_price_raw": "kr 49,20 per kg", "product_url": "https://kolonial.no/produkter/23907-dansukker-rorsukker-stro-demerara/", "kolonial_id": "23907"},
  {"category": "Mel og sukker", "category_list": ["Alle varer", "Mel og bakeingredienser", "Mel og sukker"], "title": "Fiberhusk Baketilsetning", "price": 144.0, "product_variant": "Glutenfri, 300 g", "quantity_info": [[300.0, "g"]], "image_url": "/media/uploads/public/308/227/445427-8d86a-product_list.jpg", "unit_price_raw": "kr 480,00 per kg", "product_url": "https://kolonial.no/produkter/26184-fiberhusk-baketilsetning-glutenfri/", "kolonial_id": "26184"},
  {"category": "Sjokolade", "category_list": ["Alle varer", "Snacks og godteri", "Sjokolade"], "title": "Japp Duo", "price": 24.8, "product_variant": "82 g", "quantity_info": [[82.0, "g"]], "image_url": "/media/uploads/public/93/145/964545-1b8ff-product_list.jpg", "unit_price_raw": "kr 302,44 per kg", "product_url": "https://kolonial.no/produkter/7345-freia-japp-duo-82g/", "kolonial_id": "7345"},
  {"category": "Dessert", "category_list": ["Alle varer", "Is og desserter", "Dessert"], "title": "Jordb\u00e6rtopping", "price": 30.8, "product_variant": "335 g", "quantity_info": [[335.0, "g"]], "image_url": "/media/uploads/public/30/194/370194-87e53-product_list.jpg", "unit_price_raw": "kr 91,94 per kg", "product_url": "https://kolonial.no/produkter/25895-freia-jordbaertopping/", "kolonial_id": "25895"},
  {"category": "Dessert", "category_list": ["Alle varer", "Is og desserter", "Dessert"], "title": "Hjertevafler", "price": 73.0, "product_variant": "Ferdig stekt, 12 stk", "quantity_info": [[12.0, "stk"]], "image_url": "/media/uploads/public/0/254/22654-9e698-product_list.jpg", "unit_price_raw": "kr 6,08 per stk", "product_url": "https://kolonial.no/produkter/12817-prior-hjertevafler-12-stk/", "kolonial_id": "12817"},
  {"category": "Is i boks", "category_list": ["Alle varer", "Is og desserter", "Is i boks"], "title": "Dream Lemon & Lime Splash", "price": 67.9, "product_variant": "0,8 l", "quantity_info": [[0.8, "l"]], "image_url": "/media/uploads/public/266/302/973502-28045-product_list.jpg", "unit_price_raw": "kr 84,88 per l", "product_url": "https://kolonial.no/produkter/27417-diplom-dream-lemon-lime-splash/", "kolonial_id": "27417"},
  {"category": "S\u00e5pe", "category_list": ["Alle varer", "Shampo, s\u00e5pe og krem", "S\u00e5pe"], "title": "Men Expert Hydra Energetic Shower", "price": 32.6, "product_variant": "300 ml", "quantity_info": [[300.0, "ml"]], "image_url": "/media/uploads/public/148/356/164756-5b8d9-product_list.jpg", "unit_price_raw": "kr 108,67 per l", "product_url": "https://kolonial.no/produkter/25281-loreal-men-expert-hydra-energetic-shower/", "kolonial_id": "25281"},
  {"category": "S\u00e5pe", "category_list": ["Alle varer", "Shampo, s\u00e5pe og krem", "S\u00e5pe"], "title": "Men Expert Total Clean Shower", "price": 32.6, "product_variant": "300 ml", "quantity_info": [[300.0, "ml"]], "image_url": "/media/uploads/public/230/355/164755-56b09-product_list.jpg", "unit_price_raw": "kr 108,67 per l", "product_url": "https://kolonial.no/produkter/25280-loreal-men-expert-total-clean-shower/", "kolonial_id": "25280"},
  {"category": "Spesial\u00f8l og import", "category_list": ["Alle varer", "\u00d8l, cider og rusbrus", "Spesial\u00f8l og import"], "title": "Guinness", "price": 46.5, "product_variant": "0,44 l", "quantity_info": [[0.44, "l"]], "image_url": "/media/uploads/public/0/110/6910-94014-product_list.jpg", "unit_price_raw": "kr 105,68 per l", "product_url": "https://kolonial.no/produkter/8008-guinness-044l/", "kolonial_id": "8008"},
  {"category": "Kjeks", "category_list": ["Alle varer", "Kaker, kjeks og desserter", "Kjeks"], "title": "Piruett Kjeks", "price": 39.0, "product_variant": "Glutenfri, 110 g", "quantity_info": [[110.0, "g"]], "image_url": "/media/uploads/public/90/69/964469-d03e5-product_list.jpg", "unit_price_raw": "kr 354,55 per kg", "product_url": "https://kolonial.no/produkter/14041-semper-piruett-kjeks-glutenfri-110g/", "kolonial_id": "14041"},
  {"category": "Kjeks", "category_list": ["Alle varer", "Kaker, kjeks og desserter", "Kjeks"], "title": "Havre Digestive", "price": 46.8, "product_variant": "Glutenfri, 150 g", "quantity_info": [[150.0, "g"]], "image_url": "/media/uploads/public/0/383/46783-3be50-product_list.jpg", "unit_price_raw": "kr 312,00 per kg", "product_url": "https://kolonial.no/produkter/16975-semper-havre-digestive-glutenfri/", "kolonial_id": "16975"},
  {"category": "Ferdigsauser", "category_list": ["Alle varer", "Middager og tilbeh\u00f8r", "Ferdigsauser"], "title": "Teriyaki Wok", "price": 29.9, "product_variant": "240 ml", "quantity_info": [[240.0, "ml"]], "image_url": "/media/uploads/public/258/354/973154-d8f5a-product_list.jpg", "unit_price_raw": "kr 124,58 per l", "product_url": "https://kolonial.no/produkter/27231-go-tan-teriyaki-wok/", "kolonial_id": "27231"},
  {"category": "Ferdigsauser", "category_list": ["Alle varer", "Middager og tilbeh\u00f8r", "Ferdigsauser"], "title": "Soyasaus", "price": 66.5, "product_variant": "500 ml", "quantity_info": [[500.0, "ml"]], "image_url": "/media/uploads/public/343/194/969394-ef1a9-product_list.jpg", "unit_price_raw": "kr 133,00 per l", "product_url": "https://kolonial.no/produkter/27445-kikkoman-soyasaus/", "kolonial_id": "27445"},
  {"category": "Mel og sukker", "category_list": ["Alle varer", "Mel og bakeingredienser", "Mel og sukker"], "title": "Jyttemel Glutenfri", "price": 56.9, "product_variant": "500 g", "quantity_info": [[500.0, "g"]], "image_url": "/media/uploads/public/194/212/1003412-b8448-product_list.jpg", "unit_price_raw": "kr 113,80 per kg", "product_url": "https://kolonial.no/produkter/28057-holmen-jyttemel-glutenfri/", "kolonial_id": "28057"},
  {"category": "Sjokolade", "category_list": ["Alle varer", "Snacks og godteri", "Sjokolade"], "title": "Pean\u00f8ttkubbe", "price": 20.0, "product_variant": "60 g", "quantity_info": [[60.0, "g"]], "image_url": "/media/uploads/public/343/127/964527-b0432-product_list.jpg", "unit_price_raw": "kr 333,33 per kg", "product_url": "https://kolonial.no/produkter/10858-freia-peanottkubbe/", "kolonial_id": "10858"},
  {"category": "Is i boks", "category_list": ["Alle varer", "Is og desserter", "Is i boks"], "title": "Dream Strawberry Splash", "price": 67.9, "product_variant": "0,8 l", "quantity_info": [[0.8, "l"]], "image_url": "/media/uploads/public/87/304/973504-776fb-product_list.jpg", "unit_price_raw": "kr 84,88 per l", "product_url": "https://kolonial.no/produkter/27418-diplom-dream-strawberry-splash/", "kolonial_id": "27418"},
  {"category": "Is i boks", "category_list": ["Alle varer", "Is og desserter", "Is i boks"], "title": "Dream Caramel Brownie Blast", "price": 67.9, "product_variant": "0,8 l", "quantity_info": [[0.8, "l"]], "image_url": "/media/uploads/public/79/308/973508-f61e9-product_list.jpg", "unit_price_raw": "kr 84,88 per l", "product_url": "https://kolonial.no/produkter/27422-diplom-dream-caramel-brownie-blast/", "kolonial_id": "27422"},
  {"category": "S\u00e5pe", "category_list": ["Alle varer", "Shampo, s\u00e5pe og krem", "S\u00e5pe"], "title": "Fab Body Aquapower for Men", "price": 90.9, "product_variant": "1 l", "quantity_info": [[1.0, "l"]], "image_url": "/media/uploads/public/304/88/152088-990cf-product_list.jpg", "unit_price_raw": "kr 90,90 per l", "product_url": "https://kolonial.no/produkter/24866-fab-body-aquapower-men/", "kolonial_id": "24866"},
  {"category": "Spesial\u00f8l og import", "category_list": ["Alle varer", "\u00d8l, cider og rusbrus", "Spesial\u00f8l og import"], "title": "Budweiser", "price": 44.5, "product_variant": "473 ml", "quantity_info": [[473.0, "ml"]], "image_url": "/media/uploads/public/0/161/6961-6c565-product_list.jpg", "unit_price_raw": "kr 94,08 per l", "product_url": "https://kolonial.no/produkter/7978-budweiser-budweiser/", "kolonial_id": "7978"},
  {"category": "Kjeks", "category_list": ["Alle varer", "Kaker, kjeks og desserter", "Kjeks"], "title": "White Choco Nut Cookies", "price": 54.5, "product_variant": "Glutenfri, 150 g", "quantity_info": [[150.0, "g"]], "image_url": "/media/uploads/public/316/175/968975-7ef5e-product_list.jpg", "unit_price_raw": "kr 363,33 per kg", "product_url": "https://kolonial.no/produkter/16996-semper-white-choco-nut-cookies-glutenfri/", "kolonial_id": "16996"},
  {"category": "Potetchips og snacks", "category_list": ["Alle varer", "Snacks og godteri", "Potetchips og snacks"], "title": "Doritos Nacho Cheese", "price": 35.5, "product_variant": "170 g", "quantity_info": [[170.0, "g"]], "image_url": "/media/uploads/public/28/12/972812-aea8d-product_list.jpg", "unit_price_raw": "kr 208,82 per kg", "product_url": "https://kolonial.no/produkter/26810-doritos-nacho-cheese/", "kolonial_id": "26810"},
  {"category": "Ferdigsauser", "category_list": ["Alle varer", "Middager og tilbeh\u00f8r", "Ferdigsauser"], "title": "Hummus Med Gr\u00f8nne Erter", "price": 24.9, "product_variant": "150 g", "quantity_info": [[150.0, "g"]], "image_url": "/media/uploads/public/69/322/973922-cf5f2-product_list.jpg", "unit_price_raw": "kr 166,00 per kg", "product_url": "https://kolonial.no/produkter/27833-sevan-hummus-med-kikerter/", "kolonial_id": "27833"},
  {"category": "Ferdigsauser", "category_list": ["Alle varer", "Middager og tilbeh\u00f8r", "Ferdigsauser"], "title": "Pastasaus", "price": 11.9, "product_variant": "500 g", "quantity_info": [[500.0, "g"]], "image_url": "/media/uploads/public/249/198/968998-661da-product_list.jpg", "unit_price_raw": "kr 23,80 per kg", "product_url": "https://kolonial.no/produkter/17095-rema-1000-pastasaus/", "kolonial_id": "17095"},
  {"category": "Mel og sukker", "category_list": ["Alle varer", "Mel og bakeingredienser", "Mel og sukker"], "title": "R\u00e5sukkerbit", "price": 26.7, "product_variant": "500 g", "quantity_info": [[500.0, "g"]], "image_url": "/media/uploads/public/296/1/974001-7555d-product_list.jpg", "unit_price_raw": "kr 53,40 per kg", "product_url": "https://kolonial.no/produkter/24487-dansukker-rasukkerbit/", "kolonial_id": "24487"},
  {"category": "Mel og sukker", "category_list": ["Alle varer", "Mel og bakeingredienser", "Mel og sukker"], "title": "Speltmel Siktet", "price": 42.5, "product_variant": "\u00d8kologisk, 1 kg", "quantity_info": [[1.0, "kg"]], "image_url": "/media/uploads/public/375/237/641037-cf59f-product_list.jpg", "unit_price_raw": "kr 42,50 per kg", "product_url": "https://kolonial.no/produkter/26985-kolonihagen-speltmel-siktet-okologisk/", "kolonial_id": "26985"},
  {"category": "Sjokolade", "category_list": ["Alle varer", "Snacks og godteri", "Sjokolade"], "title": "Snickers 2 Pack", "price": 21.0, "product_variant": "75 g", "quantity_info": [[75.0, "g"]], "image_url": "/media/uploads/public/182/193/973393-f0d73-product_list.jpg", "unit_price_raw": "kr 280,00 per kg", "product_url": "https://kolonial.no/produkter/5773-snickers-snickers-2-pack-75g/", "kolonial_id": "5773"},
  {"category": "Sjokolade", "category_list": ["Alle varer", "Snacks og godteri", "Sjokolade"], "title": "Twix Xtra Twin", "price": 20.5, "product_variant": "0,08 kg", "quantity_info": [[0.08, "kg"]], "image_url": "/media/uploads/public/64/253/965853-72f65-product_list.jpg", "unit_price_raw": "kr 256,25 per kg", "product_url": "https://kolonial.no/produkter/5767-twix-twix-xtra-twin-75g/", "kolonial_id": "5767"},
  {"category": "Is i boks", "category_list": ["Alle varer", "Is og desserter", "Is i boks"], "title": "Dream Chocolate Chip Cookie Dough", "price": 67.9, "product_variant": "0,8 l", "quantity_info": [[0.8, "l"]], "image_url": "/media/uploads/public/252/325/973525-4fa31-product_list.jpg", "unit_price_raw": "kr 84,88 per l", "product_url": "https://kolonial.no/produkter/27420-dream-chocolate-chip-cookie-dough-1-stk/", "kolonial_id": "27420"},
  {"category": "Spesial\u00f8l og import", "category_list": ["Alle varer", "\u00d8l, cider og rusbrus", "Spesial\u00f8l og import"], "title": "Hoppy Blonde", "price": 43.9, "product_variant": "0,33 l", "quantity_info": [[0.33, "l"]], "image_url": "/media/uploads/public/260/30/973230-12a87-product_list.jpg", "unit_price_raw": "kr 133,03 per l", "product_url": "https://kolonial.no/produkter/27214-austmann-hoppy-blonde/", "kolonial_id": "27214"},
  {"category": "Kjeks", "category_list": ["Alle varer", "Kaker, kjeks og desserter", "Kjeks"], "title": "Mariekjeks", "price": 18.7, "product_variant": "600 g", "quantity_info": [[600.0, "g"]], "image_url": "/media/uploads/public/383/23/970823-c2571-product_list.jpg", "unit_price_raw": "kr 31,17 per kg", "product_url": "https://kolonial.no/produkter/5254-rema-1000-mariekjeks-600g/", "kolonial_id": "5254"},
  {"category": "Kjeks", "category_list": ["Alle varer", "Kaker, kjeks og desserter", "Kjeks"], "title": "Cookies Choc Chip", "price": 35.3, "product_variant": "450 g", "quantity_info": [[450.0, "g"]], "image_url": "/media/uploads/public/133/331/967131-56551-product_list.jpg", "unit_price_raw": "kr 78,44 per kg", "product_url": "https://kolonial.no/produkter/15196-rema-1000-cookies-choc-chip-450g/", "kolonial_id": "15196"},
  {"category": "Ferdigsauser", "category_list": ["Alle varer", "Middager og tilbeh\u00f8r", "Ferdigsauser"], "title": "Hummus", "price": 24.9, "product_variant": "Hot'n Spicy, 150 g", "quantity_info": [[150.0, "g"]], "image_url": "/media/uploads/public/64/297/973897-8951d-product_list.jpg", "unit_price_raw": "kr 166,00 per kg", "product_url": "https://kolonial.no/produkter/27838-sevan-hummus-hotn-spicy/", "kolonial_id": "27838"},
  {"category": "Ferdigsauser", "category_list": ["Alle varer", "Middager og tilbeh\u00f8r", "Ferdigsauser"], "title": "Fjordland Peppersaus", "price": 33.5, "product_variant": "2,5 dl", "quantity_info": [[2.5, "dl"]], "image_url": "/media/uploads/public/227/278/710278-18c67-product_list.jpg", "unit_price_raw": "kr 134,00 per l", "product_url": "https://kolonial.no/produkter/27607-fjordland-peppersaus-1-stk/", "kolonial_id": "27607"},
  {"category": "Mel og sukker", "category_list": ["Alle varer", "Mel og bakeingredienser", "Mel og sukker"], "title": "Speltmel Sammalt", "price": 42.0, "product_variant": "\u00d8kologisk, 1 kg", "quantity_info": [[1.0, "kg"]], "image_url": "/media/uploads/public/58/204/661804-ecce8-product_list.jpg", "unit_price_raw": "kr 42,00 per kg", "product_url": "https://kolonial.no/produkter/27024-kolonihagen-speltmel-sammalt-okologisk/", "kolonial_id": "27024"},
  {"category": "Mel og sukker", "category_list": ["Alle varer", "Mel og bakeingredienser", "Mel og sukker"], "title": "Nirus Kikertemel", "price": 38.9, "product_variant": "500 g", "quantity_info": [[500.0, "g"]], "image_url": "/media/uploads/public/117/137/971737-93e7a-product_list.jpg", "unit_price_raw": "kr 77,80 per kg", "product_url": "https://kolonial.no/produkter/24008-masalamagic-nirus-kikertemel/", "kolonial_id": "24008"},
  {"category": "Sjokolade", "category_list": ["Alle varer", "Snacks og godteri", "Sjokolade"], "title": "New Energy", "price": 19.0, "product_variant": "45 g", "quantity_info": [[45.0, "g"]], "image_url": "/media/uploads/public/362/244/977044-6bb59-product_list.jpg", "unit_price_raw": "kr 422,22 per kg", "product_url": "https://kolonial.no/produkter/9824-nidar-new-energy/", "kolonial_id": "9824"},
  {"category": "Sjokolade", "category_list": ["Alle varer", "Snacks og godteri", "Sjokolade"], "title": "Sportlunch", "price": 16.9, "product_variant": "80 g", "quantity_info": [[80.0, "g"]], "image_url": "/media/uploads/public/351/303/964303-9f7aa-product_list.jpg", "unit_price_raw": "kr 211,25 per kg", "product_url": "https://kolonial.no/produkter/15384-cloetta-sportlunch/", "kolonial_id": "15384"},
  {"category": "Is i boks", "category_list": ["Alle varer", "Is og desserter", "Is i boks"], "title": "Dream Vanilla Bean", "price": 67.9, "product_variant": "0,8 l", "quantity_info": [[0.8, "l"]], "image_url": "/media/uploads/public/46/365/973565-6cb3d-product_list.jpg", "unit_price_raw": "kr 84,88 per l", "product_url": "https://kolonial.no/produkter/27423-diplom-dream-vanilla-bean/", "kolonial_id": "27423"},
  {"category": "Kjeks", "category_list": ["Alle varer", "Kaker, kjeks og desserter", "Kjeks"], "title": "Orange Cookies", "price": 25.0, "product_variant": "300 g", "quantity_info": [[300.0, "g"]], "image_url": "/media/uploads/public/96/224/156624-2dc43-product_list.jpg", "unit_price_raw": "kr 83,33 per kg", "product_url": "https://kolonial.no/produkter/8576-rema-1000-orange-cookies-300g/", "kolonial_id": "8576"},
  {"category": "Kjeks", "category_list": ["Alle varer", "Kaker, kjeks og desserter", "Kjeks"], "title": "Salted Caramel Chocolate Cookie", "price": 51.3, "product_variant": "Glutenfri, 150 g", "quantity_info": [[150.0, "g"]], "image_url": "/media/uploads/public/263/333/971133-4a6be-product_list.jpg", "unit_price_raw": "kr 342,00 per kg", "product_url": "https://kolonial.no/produkter/23343-semper-salted-caramel-chocolate-cookie-glutenfri/", "kolonial_id": "23343"},
  {"category": "Potetchips og snacks", "category_list": ["Alle varer", "Snacks og godteri", "Potetchips og snacks"], "title": "Cheez Cruncherz", "price": 37.9, "product_variant": "250 g", "quantity_info": [[250.0, "g"]], "image_url": "/media/uploads/public/120/320/262320-6c92b-product_list.jpg", "unit_price_raw": "kr 151,60 per kg", "product_url": "https://kolonial.no/produkter/25496-olw-cheez-cruncherz/", "kolonial_id": "25496"},
  {"category": "Potetchips og snacks", "category_list": ["Alle varer", "Snacks og godteri", "Potetchips og snacks"], "title": "Cheez Light", "price": 29.9, "product_variant": "200 g", "quantity_info": [[200.0, "g"]], "image_url": "/media/uploads/public/39/14/980814-34ad5-product_list.jpg", "unit_price_raw": "kr 149,50 per kg", "product_url": "https://kolonial.no/produkter/27948-olw-cheez-light/", "kolonial_id": "27948"},
  {"category": "Ferdigsauser", "category_list": ["Alle varer", "Middager og tilbeh\u00f8r", "Ferdigsauser"], "title": "Hummus", "price": 39.9, "product_variant": "Med Solt\u00f8rkede Tomater, 275 g", "quantity_info": [[275.0, "g"]], "image_url": "/media/uploads/public/360/316/973916-2169d-product_list.jpg", "unit_price_raw": "kr 145,09 per kg", "product_url": "https://kolonial.no/produkter/27837-sevan-hummus-med-soltorkede-tomater/", "kolonial_id": "27837"},
  {"category": "Mel og sukker", "category_list": ["Alle varer", "Mel og bakeingredienser", "Mel og sukker"], "title": "Kandissukker Store Biter", "price": 30.8, "product_variant": "500 g", "quantity_info": [[500.0, "g"]], "image_url": "/media/uploads/public/294/304/971904-c2b2e-product_list.jpg", "unit_price_raw": "kr 61,60 per kg", "product_url": "https://kolonial.no/produkter/24486-dansukker-kandissukker-store-biter/", "kolonial_id": "24486"},
  {"category": "Mel og sukker", "category_list": ["Alle varer", "Mel og bakeingredienser", "Mel og sukker"], "title": "Maismel", "price": 70.9, "product_variant": "1 kg", "quantity_info": [[1.0, "kg"]], "image_url": "/media/uploads/public/111/334/151934-44936-product_list.jpg", "unit_price_raw": "kr 70,90 per kg", "product_url": "https://kolonial.no/produkter/24848-maseca-maismel/", "kolonial_id": "24848"},
  {"category": "Sjokolade", "category_list": ["Alle varer", "Snacks og godteri", "Sjokolade"], "title": "Melkesjokolade", "price": 23.3, "product_variant": "60 g", "quantity_info": [[60.0, "g"]], "image_url": "/media/uploads/public/58/394/971194-d1b21-product_list.jpg", "unit_price_raw": "kr 388,33 per kg", "product_url": "https://kolonial.no/produkter/23370-freia-melkesjokolade/", "kolonial_id": "23370"},
  {"category": "Sjokolade", "category_list": ["Alle varer", "Snacks og godteri", "Sjokolade"], "title": "Bounty Trio", "price": 19.3, "product_variant": "85 g", "quantity_info": [[85.0, "g"]], "image_url": "/media/uploads/public/84/294/965894-efedc-product_list.jpg", "unit_price_raw": "kr 227,06 per kg", "product_url": "https://kolonial.no/produkter/13900-bounty-bounty-trio-85g/", "kolonial_id": "13900"},
  {"category": "Dessert", "category_list": ["Alle varer", "Is og desserter", "Dessert"], "title": "Vaniljesaus Melkefri", "price": 17.7, "product_variant": "0,25 l", "quantity_info": [[0.25, "l"]], "image_url": "/media/uploads/public/340/322/505922-9b1e6-product_list.jpg", "unit_price_raw": "kr 70,80 per l", "product_url": "https://kolonial.no/produkter/2485-oatly-vaniljesaus-melkefri-250ml/", "kolonial_id": "2485"},
  {"category": "Dessert", "category_list": ["Alle varer", "Is og desserter", "Dessert"], "title": "Soyadessert M\u00f8rk Sjokolade", "price": 31.1, "product_variant": "4x125g, 500 g", "quantity_info": [[4.0, "x"], [125.0, "g"], [500.0, "g"]], "image_url": "/media/uploads/public/0/348/13148-97bce-product_list.jpg", "unit_price_raw": "kr 62,20 per kg", "product_url": "https://kolonial.no/produkter/9800-alpro-soyadessert-mork-sjokolade-4x125g/", "kolonial_id": "9800"},
  {"category": "Is i boks", "category_list": ["Alle varer", "Is og desserter", "Is i boks"], "title": "Dream Real Belgian Chocolate", "price": 67.9, "product_variant": "0,8 l", "quantity_info": [[0.8, "l"]], "image_url": "/media/uploads/public/322/323/973523-54e48-product_list.jpg", "unit_price_raw": "kr 84,88 per l", "product_url": "https://kolonial.no/produkter/27421-diplom-dream-real-belgian-chocolate/", "kolonial_id": "27421"},
  {"category": "Kjeks", "category_list": ["Alle varer", "Kaker, kjeks og desserter", "Kjeks"], "title": "Sibas Havrekjeks", "price": 27.5, "product_variant": "315 g", "quantity_info": [[315.0, "g"]], "image_url": "/media/uploads/public/80/25/970425-76f51-product_list.jpg", "unit_price_raw": "kr 87,30 per kg", "product_url": "https://kolonial.no/produkter/21424-kavli-sibas-havrekjeks/", "kolonial_id": "21424"},
  {"category": "Potetchips og snacks", "category_list": ["Alle varer", "Snacks og godteri", "Potetchips og snacks"], "title": "Cheez Starz", "price": 32.9, "product_variant": "200 g", "quantity_info": [[200.0, "g"]], "image_url": "/media/uploads/public/50/257/993857-6d354-product_list.jpg", "unit_price_raw": "kr 164,50 per kg", "product_url": "https://kolonial.no/produkter/27949-olw-cheez-starz/", "kolonial_id": "27949"},
  {"category": "Potetchips og snacks", "category_list": ["Alle varer", "Snacks og godteri", "Potetchips og snacks"], "title": "Lays Chips Salted", "price": 35.5, "product_variant": "175 g", "quantity_info": [[175.0, "g"]], "image_url": "/media/uploads/public/155/399/973199-7e851-product_list.jpg", "unit_price_raw": "kr 202,86 per kg", "product_url": "https://kolonial.no/produkter/27265-lays-chips-salted/", "kolonial_id": "27265"},
  {"category": "Ferdigsauser", "category_list": ["Alle varer", "Middager og tilbeh\u00f8r", "Ferdigsauser"], "title": "Auberginesalat", "price": 29.9, "product_variant": "( Baba Ghannoughe ), 150 g", "quantity_info": [[150.0, "g"]], "image_url": "/media/uploads/public/265/313/973913-314b4-product_list.jpg", "unit_price_raw": "kr 199,33 per kg", "product_url": "https://kolonial.no/produkter/27836-sevan-auberginesalat/", "kolonial_id": "27836"},
  {"category": "Mel og sukker", "category_list": ["Alle varer", "Mel og bakeingredienser", "Mel og sukker"], "title": "Jyttemel Fibra Glutenfri", "price": 59.9, "product_variant": "500 g", "quantity_info": [[500.0, "g"]], "image_url": "/media/uploads/public/276/213/1003413-e5e54-product_list.jpg", "unit_price_raw": "kr 119,80 per kg", "product_url": "https://kolonial.no/produkter/28058-holmen-jyttemel-fibra-glutenfri/", "kolonial_id": "28058"},
  {"category": "Sjokolade", "category_list": ["Alle varer", "Snacks og godteri", "Sjokolade"], "title": "Lohengrin", "price": 24.3, "product_variant": "34 g", "quantity_info": [[34.0, "g"]], "image_url": "/media/uploads/public/135/261/964661-f8139-product_list.jpg", "unit_price_raw": "kr 714,71 per kg", "product_url": "https://kolonial.no/produkter/14314-freia-lohengrin-34g/", "kolonial_id": "14314"},
  {"category": "Dessert", "category_list": ["Alle varer", "Is og desserter", "Dessert"], "title": "Soyadessert Vanilje", "price": 26.1, "product_variant": "4x125g, 500 g", "quantity_info": [[4.0, "x"], [125.0, "g"], [500.0, "g"]], "image_url": "/media/uploads/public/0/342/13142-1c757-product_list.jpg", "unit_price_raw": "kr 52,20 per kg", "product_url": "https://kolonial.no/produkter/9803-alpro-soyadessert-vanilje-4x125g/", "kolonial_id": "9803"},
  {"category": "Is i boks", "category_list": ["Alle varer", "Is og desserter", "Is i boks"], "title": "Fl\u00f8te-is Krokan", "price": 45.1, "product_variant": "2 l", "quantity_info": [[2.0, "l"]], "image_url": "/media/uploads/public/71/294/155894-683fe-product_list.jpg", "unit_price_raw": "kr 22,55 per l", "product_url": "https://kolonial.no/produkter/3250-diplom-flote-krokan-2l/", "kolonial_id": "3250"},
  {"category": "Kjeks", "category_list": ["Alle varer", "Kaker, kjeks og desserter", "Kjeks"], "title": "Triple Choco Cookies", "price": 54.5, "product_variant": "Glutenfri, 150 g", "quantity_info": [[150.0, "g"]], "image_url": "/media/uploads/public/351/84/970084-55cc5-product_list.jpg", "unit_price_raw": "kr 363,33 per kg", "product_url": "https://kolonial.no/produkter/20851-semper-triple-choco-cookies-glutenfri/", "kolonial_id": "20851"},
  {"category": "Potetchips og snacks", "category_list": ["Alle varer", "Snacks og godteri", "Potetchips og snacks"], "title": "Potetfries Salt", "price": 30.5, "product_variant": "100 g", "quantity_info": [[100.0, "g"]], "image_url": "/media/uploads/public/60/98/188098-e649b-product_list.jpg", "unit_price_raw": "kr 305,00 per kg", "product_url": "https://kolonial.no/produkter/25071-maarud-potetfries-salt/", "kolonial_id": "25071"},
  {"category": "Sjokolade", "category_list": ["Alle varer", "Snacks og godteri", "Sjokolade"], "title": "Mandelstang", "price": 17.8, "product_variant": "43 g", "quantity_info": [[43.0, "g"]], "image_url": "/media/uploads/public/333/157/964557-d6985-product_list.jpg", "unit_price_raw": "kr 413,95 per kg", "product_url": "https://kolonial.no/produkter/14347-freia-mandelstang-43g/", "kolonial_id": "14347"},
  {"category": "Is i boks", "category_list": ["Alle varer", "Is og desserter", "Is i boks"], "title": "Fl\u00f8te-Is Vanilje", "price": 42.1, "product_variant": "2 l", "quantity_info": [[2.0, "l"]], "image_url": "/media/uploads/public/149/299/155899-4ea90-product_list.jpg", "unit_price_raw": "kr 21,05 per l", "product_url": "https://kolonial.no/produkter/3247-diplom-flote-vanilje-2l/", "kolonial_id": "3247"},
  {"category": "Kjeks", "category_list": ["Alle varer", "Kaker, kjeks og desserter", "Kjeks"], "title": "Cookieglede M\u00f8rk Myk Inni", "price": 37.6, "product_variant": "182 g", "quantity_info": [[182.0, "g"]], "image_url": "/media/uploads/public/223/211/370211-4045e-product_list.jpg", "unit_price_raw": "kr 206,59 per kg", "product_url": "https://kolonial.no/produkter/25912-freia-cookieglede-mork-myk-inni/", "kolonial_id": "25912"},
  {"category": "Potetchips og snacks", "category_list": ["Alle varer", "Snacks og godteri", "Potetchips og snacks"], "title": "Elias Salte Venner", "price": 31.8, "product_variant": "95 g", "quantity_info": [[95.0, "g"]], "image_url": "/media/uploads/public/300/289/972289-83b9f-product_list.jpg", "unit_price_raw": "kr 334,74 per kg", "product_url": "https://kolonial.no/produkter/25492-kims-elias-salte-venner/", "kolonial_id": "25492"},
  {"category": "Sjokolade", "category_list": ["Alle varer", "Snacks og godteri", "Sjokolade"], "title": "Melkesjokolade Eventyr", "price": 13.9, "product_variant": "24 g", "quantity_info": [[24.0, "g"]], "image_url": "/media/uploads/public/124/217/964617-4344e-product_list.jpg", "unit_price_raw": "kr 579,17 per kg", "product_url": "https://kolonial.no/produkter/7336-freia-melkesjokolade-eventyr/", "kolonial_id": "7336"},
  {"category": "Dessert", "category_list": ["Alle varer", "Is og desserter", "Dessert"], "title": "Lykken Riskrem", "price": 39.1, "product_variant": "0,8 l", "quantity_info": [[0.8, "l"]], "image_url": "/media/uploads/public/283/377/635177-9f37b-product_list.jpg", "unit_price_raw": "kr 48,88 per l", "product_url": "https://kolonial.no/produkter/17461-diplom-lykken-riskrem/", "kolonial_id": "17461"},
  {"category": "Is i boks", "category_list": ["Alle varer", "Is og desserter", "Is i boks"], "title": "Fl\u00f8te-Is Tress", "price": 36.9, "product_variant": "2 l", "quantity_info": [[2.0, "l"]], "image_url": "/media/uploads/public/103/297/155897-777f1-product_list.jpg", "unit_price_raw": "kr 18,45 per l", "product_url": "https://kolonial.no/produkter/3253-diplom-flote-tress-2l/", "kolonial_id": "3253"},
  {"category": "Kjeks", "category_list": ["Alle varer", "Kaker, kjeks og desserter", "Kjeks"], "title": "Cookieglede Myk inni", "price": 38.0, "product_variant": "182 g", "quantity_info": [[182.0, "g"]], "image_url": "/media/uploads/public/345/212/370212-90e8b-product_list.jpg", "unit_price_raw": "kr 208,79 per kg", "product_url": "https://kolonial.no/produkter/25913-freia-cookieglede-myk-inni/", "kolonial_id": "25913"},
  {"category": "Potetchips og snacks", "category_list": ["Alle varer", "Snacks og godteri", "Potetchips og snacks"], "title": "Bacon Snack Bites", "price": 20.9, "product_variant": "170 g", "quantity_info": [[170.0, "g"]], "image_url": "/media/uploads/public/362/142/973342-1d7c9-product_list.jpg", "unit_price_raw": "kr 122,94 per kg", "product_url": "https://kolonial.no/produkter/8712-rema-1000-bacon-snack-bites/", "kolonial_id": "8712"},
  {"category": "Potetchips og snacks", "category_list": ["Alle varer", "Snacks og godteri", "Potetchips og snacks"], "title": "Olivio Havsalt", "price": 32.4, "product_variant": "150 g", "quantity_info": [[150.0, "g"]], "image_url": "/media/uploads/public/174/267/1007867-599d8-product_list.jpg", "unit_price_raw": "kr 216,00 per kg", "product_url": "https://kolonial.no/produkter/27670-maarud-olivio-havsalt/", "kolonial_id": "27670"},
  {"category": "Ferdigsauser", "category_list": ["Alle varer", "Middager og tilbeh\u00f8r", "Ferdigsauser"], "title": "Hummus", "price": 39.9, "product_variant": "Orginal, 275 g", "quantity_info": [[275.0, "g"]], "image_url": "/media/uploads/public/370/391/973991-8ec33-product_list.jpg", "unit_price_raw": "kr 145,09 per kg", "product_url": "https://kolonial.no/produkter/27839-sevan-hummus-orginal/", "kolonial_id": "27839"},
  {"category": "Sjokolade", "category_list": ["Alle varer", "Snacks og godteri", "Sjokolade"], "title": "Smarties R\u00f8r", "price": 11.3, "product_variant": "38 g", "quantity_info": [[38.0, "g"]], "image_url": "/media/uploads/public/313/1/966001-c05c7-product_list.jpg", "unit_price_raw": "kr 297,37 per kg", "product_url": "https://kolonial.no/produkter/5596-nestle-smarties-ror-38g/", "kolonial_id": "5596"},
  {"category": "Sjokolade", "category_list": ["Alle varer", "Snacks og godteri", "Sjokolade"], "title": "Surprise Kinderegg", "price": 34.8, "product_variant": "3-pk, 60 g", "quantity_info": [[3.0, "pk"], [60.0, "g"]], "image_url": "/media/uploads/public/154/205/965805-17037-product_list.jpg", "unit_price_raw": "kr 580,00 per kg", "product_url": "https://kolonial.no/produkter/289-kinder-surprise-kinderegg-3-pk/", "kolonial_id": "289"},
  {"category": "Is i boks", "category_list": ["Alle varer", "Is og desserter", "Is i boks"], "title": "Lett-Is Vanilje", "price": 48.6, "product_variant": "0,8 l", "quantity_info": [[0.8, "l"]], "image_url": "/media/uploads/public/386/305/186305-80ebd-product_list.jpg", "unit_price_raw": "kr 60,75 per l", "product_url": "https://kolonial.no/produkter/3259-diplom-lett-vanilje-08l/", "kolonial_id": "3259"},
  {"category": "Kjeks", "category_list": ["Alle varer", "Kaker, kjeks og desserter", "Kjeks"], "title": "Havrekjeks med Bl\u00e5b\u00e6r", "price": 43.8, "product_variant": "300 g", "quantity_info": [[300.0, "g"]], "image_url": "/media/uploads/public/50/304/373904-e0a34-product_list.jpg", "unit_price_raw": "kr 146,00 per kg", "product_url": "https://kolonial.no/produkter/25656-loiten-havrekjeks-med-blabaer/", "kolonial_id": "25656"},
  {"category": "Kjeks", "category_list": ["Alle varer", "Kaker, kjeks og desserter", "Kjeks"], "title": "Havrekjeks med Hasseln\u00f8tter", "price": 43.8, "product_variant": "300 g", "quantity_info": [[300.0, "g"]], "image_url": "/media/uploads/public/78/305/373905-1c82a-product_list.jpg", "unit_price_raw": "kr 146,00 per kg", "product_url": "https://kolonial.no/produkter/25655-loiten-havrekjeks-med-hasselnotter/", "kolonial_id": "25655"},
  {"category": "Potetchips og snacks", "category_list": ["Alle varer", "Snacks og godteri", "Potetchips og snacks"], "title": "Olivio Paprika & Pepper", "price": 33.9, "product_variant": "150 g", "quantity_info": [[150.0, "g"]], "image_url": "/media/uploads/public/295/145/973745-f6c72-product_list.jpg", "unit_price_raw": "kr 226,00 per kg", "product_url": "https://kolonial.no/produkter/27671-maarud-olivio-paprika-pepper/", "kolonial_id": "27671"},
  {"category": "Potetchips og snacks", "category_list": ["Alle varer", "Snacks og godteri", "Potetchips og snacks"], "title": "Potetskruer Salt", "price": 26.8, "product_variant": "90 g", "quantity_info": [[90.0, "g"]], "image_url": "/media/uploads/public/119/55/973255-294a8-product_list.jpg", "unit_price_raw": "kr 297,78 per kg", "product_url": "https://kolonial.no/produkter/13465-maarud-potetskruer-salt-90g/", "kolonial_id": "13465"},
  {"category": "Sjokolade", "category_list": ["Alle varer", "Snacks og godteri", "Sjokolade"], "title": "Kinder Maxi", "price": 9.4, "product_variant": "21 g", "quantity_info": [[21.0, "g"]], "image_url": "/media/uploads/public/80/282/968282-f8c64-product_list.jpg", "unit_price_raw": "kr 447,62 per kg", "product_url": "https://kolonial.no/produkter/15369-kinder-kinder-maxi/", "kolonial_id": "15369"},
  {"category": "Sjokolade", "category_list": ["Alle varer", "Snacks og godteri", "Sjokolade"], "title": "Kinder Maxi", "price": 39.3, "product_variant": "6x20g, 126 g", "quantity_info": [[6.0, "x"], [20.0, "g"], [126.0, "g"]], "image_url": "/media/uploads/public/95/189/965789-c3023-product_list.jpg", "unit_price_raw": "kr 311,90 per kg", "product_url": "https://kolonial.no/produkter/5863-kinder-kinder-maxi-6x20g/", "kolonial_id": "5863"},
  {"category": "Dessert", "category_list": ["Alle varer", "Is og desserter", "Dessert"], "title": "Lykken Karamellpudding", "price": 37.9, "product_variant": "0,8 l", "quantity_info": [[0.8, "l"]], "image_url": "/media/uploads/public/26/378/635178-4bbf4-product_list.jpg", "unit_price_raw": "kr 47,38 per l", "product_url": "https://kolonial.no/produkter/26703-diplom-lykken-karamellpudding/", "kolonial_id": "26703"},
  {"category": "Is i boks", "category_list": ["Alle varer", "Is og desserter", "Is i boks"], "title": "FRI Vanilje Is med Sjokoladebiter", "price": 77.3, "product_variant": "Laktosefri, 750 ml", "quantity_info": [[750.0, "ml"]], "image_url": "/media/uploads/public/0/354/115954-cb89e-product_list.jpg", "unit_price_raw": "kr 103,07 per l", "product_url": "https://kolonial.no/produkter/19873-diplom-fri-vanilje-med-sjokoladebiter-laktosefri/", "kolonial_id": "19873"},
  {"category": "Kjeks", "category_list": ["Alle varer", "Kaker, kjeks og desserter", "Kjeks"], "title": "Havrekjeks med Kirseb\u00e6r", "price": 43.8, "product_variant": "300 g", "quantity_info": [[300.0, "g"]], "image_url": "/media/uploads/public/206/307/373907-1944b-product_list.jpg", "unit_price_raw": "kr 146,00 per kg", "product_url": "https://kolonial.no/produkter/25654-loiten-havrekjeks-med-kirsebaer/", "kolonial_id": "25654"},
  {"category": "Kjeks", "category_list": ["Alle varer", "Kaker, kjeks og desserter", "Kjeks"], "title": "Havrekjeks med Mandel & Sjokolade", "price": 43.8, "product_variant": "300 g", "quantity_info": [[300.0, "g"]], "image_url": "/media/uploads/public/225/303/373903-c44b1-product_list.jpg", "unit_price_raw": "kr 146,00 per kg", "product_url": "https://kolonial.no/produkter/25653-loiten-havrekjeks-med-mandel-sjokolade/", "kolonial_id": "25653"},
  {"category": "Potetchips og snacks", "category_list": ["Alle varer", "Snacks og godteri", "Potetchips og snacks"], "title": "Sjokoskruer", "price": 39.9, "product_variant": "200 g", "quantity_info": [[200.0, "g"]], "image_url": "/media/uploads/public/27/96/969296-ccc30-product_list.jpg", "unit_price_raw": "kr 199,50 per kg", "product_url": "https://kolonial.no/produkter/8592-rema-1000-sjokoskruer-200g/", "kolonial_id": "8592"},
  {"category": "Potetchips og snacks", "category_list": ["Alle varer", "Snacks og godteri", "Potetchips og snacks"], "title": "Fillers Bacon", "price": 52.4, "product_variant": "140 g", "quantity_info": [[140.0, "g"]], "image_url": "/media/uploads/public/282/322/262322-c048f-product_list.jpg", "unit_price_raw": "kr 374,29 per kg", "product_url": "https://kolonial.no/produkter/25493-kims-fillers-bacon/", "kolonial_id": "25493"},
  {"category": "Sjokolade", "category_list": ["Alle varer", "Snacks og godteri", "Sjokolade"], "title": "Kinder Bueno", "price": 18.3, "product_variant": "43 g", "quantity_info": [[43.0, "g"]], "image_url": "/media/uploads/public/194/204/965804-64189-product_list.jpg", "unit_price_raw": "kr 425,58 per kg", "product_url": "https://kolonial.no/produkter/15468-kinder-kinder-bueno/", "kolonial_id": "15468"},
  {"category": "Sjokolade", "category_list": ["Alle varer", "Snacks og godteri", "Sjokolade"], "title": "After Eight", "price": 54.7, "product_variant": "300 g", "quantity_info": [[300.0, "g"]], "image_url": "/media/uploads/public/122/15/966015-f6cc9-product_list.jpg", "unit_price_raw": "kr 182,33 per kg", "product_url": "https://kolonial.no/produkter/11326-after-eight-after-eight-300g/", "kolonial_id": "11326"},
  {"category": "Is i boks", "category_list": ["Alle varer", "Is og desserter", "Is i boks"], "title": "FRI Vanilje Is", "price": 58.1, "product_variant": "Laktosefri, 750 ml", "quantity_info": [[750.0, "ml"]], "image_url": "/media/uploads/public/0/351/115951-612b4-product_list.jpg", "unit_price_raw": "kr 77,47 per l", "product_url": "https://kolonial.no/produkter/19870-diplom-fri-vanilje-laktosefri/", "kolonial_id": "19870"},
  {"category": "Kjeks", "category_list": ["Alle varer", "Kaker, kjeks og desserter", "Kjeks"], "title": "Kornmo 7", "price": 37.6, "product_variant": "Frokostkjeks, 24 g", "quantity_info": [[24.0, "g"]], "image_url": "/media/uploads/public/135/48/964048-d0a5f-product_list.jpg", "unit_price_raw": "kr 1566,67 per kg", "product_url": "https://kolonial.no/produkter/26668-saetre-kornmo-7-frokostkjeks/", "kolonial_id": "26668"},
  {"category": "Potetchips og snacks", "category_list": ["Alle varer", "Snacks og godteri", "Potetchips og snacks"], "title": "Pringles", "price": 30.1, "product_variant": "Orginal, 190 g", "quantity_info": [[190.0, "g"]], "image_url": "/media/uploads/public/111/310/973110-54e79-product_list.jpg", "unit_price_raw": "kr 158,42 per kg", "product_url": "https://kolonial.no/produkter/267-pringles-pringles-orginal-190g/", "kolonial_id": "267"},
  {"category": "Potetchips og snacks", "category_list": ["Alle varer", "Snacks og godteri", "Potetchips og snacks"], "title": "Pringles", "price": 30.3, "product_variant": "Paprika, 190 g", "quantity_info": [[190.0, "g"]], "image_url": "/media/uploads/public/17/332/164732-ef014-product_list.jpg", "unit_price_raw": "kr 159,47 per kg", "product_url": "https://kolonial.no/produkter/24957-pringles-pringles-paprika/", "kolonial_id": "24957"},
  {"category": "Sjokolade", "category_list": ["Alle varer", "Snacks og godteri", "Sjokolade"], "title": "Bamsemums", "price": 54.8, "product_variant": "250 g", "quantity_info": [[250.0, "g"]], "image_url": "/media/uploads/public/336/148/965748-2a85a-product_list.jpg", "unit_price_raw": "kr 219,20 per kg", "product_url": "https://kolonial.no/produkter/5899-nidar-bamsemums/", "kolonial_id": "5899"},
  {"category": "Is i boks", "category_list": ["Alle varer", "Is og desserter", "Is i boks"], "title": "Lykken Hestesko", "price": 75.9, "product_variant": "1,5 l", "quantity_info": [[1.5, "l"]], "image_url": "/media/uploads/public/59/292/622292-4cbc6-product_list.jpg", "unit_price_raw": "kr 50,60 per l", "product_url": "https://kolonial.no/produkter/19819-diplom-lykken-hestesko/", "kolonial_id": "19819"},
  {"category": "Kjeks", "category_list": ["Alle varer", "Kaker, kjeks og desserter", "Kjeks"], "title": "Kornmo Fullkornscookie Sjokolade", "price": 39.4, "product_variant": "200 g", "quantity_info": [[200.0, "g"]], "image_url": "/media/uploads/public/179/395/155195-1697a-product_list.jpg", "unit_price_raw": "kr 197,00 per kg", "product_url": "https://kolonial.no/produkter/24988-saetre-kornmo-fullkornscookie-sjokolade/", "kolonial_id": "24988"},
  {"category": "Kjeks", "category_list": ["Alle varer", "Kaker, kjeks og desserter", "Kjeks"], "title": "Snackers Salt", "price": 22.6, "product_variant": "120 g", "quantity_info": [[120.0, "g"]], "image_url": "/media/uploads/public/145/394/155194-a9631-product_list.jpg", "unit_price_raw": "kr 188,33 per kg", "product_url": "https://kolonial.no/produkter/24989-saetre-snackers-salt/", "kolonial_id": "24989"},
  {"category": "Potetchips og snacks", "category_list": ["Alle varer", "Snacks og godteri", "Potetchips og snacks"], "title": "Soletti Saltstenger", "price": 23.3, "product_variant": "250 g", "quantity_info": [[250.0, "g"]], "image_url": "/media/uploads/public/277/393/964793-9fd63-product_list.jpg", "unit_price_raw": "kr 93,20 per kg", "product_url": "https://kolonial.no/produkter/265-maarud-soletti-saltstenger/", "kolonial_id": "265"},
  {"category": "Sjokolade", "category_list": ["Alle varer", "Snacks og godteri", "Sjokolade"], "title": "Smash", "price": 43.9, "product_variant": "200 g", "quantity_info": [[200.0, "g"]], "image_url": "/media/uploads/public/109/337/967937-fb112-product_list.jpg", "unit_price_raw": "kr 219,50 per kg", "product_url": "https://kolonial.no/produkter/284-nidar-smash-200g/", "kolonial_id": "284"},
  {"category": "Is i boks", "category_list": ["Alle varer", "Is og desserter", "Is i boks"], "title": "Q Skyr Is Salt Karamell", "price": 49.9, "product_variant": "0,5 l", "quantity_info": [[0.5, "l"]], "image_url": "/media/uploads/public/322/380/972380-c4326-product_list.jpg", "unit_price_raw": "kr 99,80 per l", "product_url": "https://kolonial.no/produkter/27693-q-meieriene-q-skyr-salt-karamell/", "kolonial_id": "27693"},
  {"category": "Kjeks", "category_list": ["Alle varer", "Kaker, kjeks og desserter", "Kjeks"], "title": "Oreo", "price": 34.9, "product_variant": "176 g", "quantity_info": [[176.0, "g"]], "image_url": "/media/uploads/public/369/205/370205-3367e-product_list.jpg", "unit_price_raw": "kr 198,30 per kg", "product_url": "https://kolonial.no/produkter/25906-oreo-oreo/", "kolonial_id": "25906"},
  {"category": "Kjeks", "category_list": ["Alle varer", "Kaker, kjeks og desserter", "Kjeks"], "title": "Oreo Sjokoladetrukket", "price": 45.2, "product_variant": "246 g", "quantity_info": [[246.0, "g"]], "image_url": "/media/uploads/public/266/204/370204-eacc9-product_list.jpg", "unit_price_raw": "kr 183,74 per kg", "product_url": "https://kolonial.no/produkter/25905-oreo-oreo-sjokoladetrukket/", "kolonial_id": "25905"},
  {"category": "Potetchips og snacks", "category_list": ["Alle varer", "Snacks og godteri", "Potetchips og snacks"], "title": "Saltstenger", "price": 10.9, "product_variant": "250 g", "quantity_info": [[250.0, "g"]], "image_url": "/media/uploads/public/328/250/156650-85a9d-product_list.jpg", "unit_price_raw": "kr 43,60 per kg", "product_url": "https://kolonial.no/produkter/8616-rema-1000-saltstenger-250g/", "kolonial_id": "8616"},
  {"category": "Potetchips og snacks", "category_list": ["Alle varer", "Snacks og godteri", "Potetchips og snacks"], "title": "Ostepop", "price": 20.4, "product_variant": "250 g", "quantity_info": [[250.0, "g"]], "image_url": "/media/uploads/public/275/214/156614-c2b01-product_list.jpg", "unit_price_raw": "kr 81,60 per kg", "product_url": "https://kolonial.no/produkter/16362-rema-1000-ostepop/", "kolonial_id": "16362"},
  {"category": "Sjokolade", "category_list": ["Alle varer", "Snacks og godteri", "Sjokolade"], "title": "Smil 2pk", "price": 35.0, "product_variant": "156 g", "quantity_info": [[156.0, "g"]], "image_url": "/media/uploads/public/270/231/969431-236bf-product_list.jpg", "unit_price_raw": "kr 224,36 per kg", "product_url": "https://kolonial.no/produkter/18214-freia-smil-2pk/", "kolonial_id": "18214"},
  {"category": "Kjeks", "category_list": ["Alle varer", "Kaker, kjeks og desserter", "Kjeks"], "title": "Oreo", "price": 13.3, "product_variant": "66 g", "quantity_info": [[66.0, "g"]], "image_url": "/media/uploads/public/33/209/370209-73aaf-product_list.jpg", "unit_price_raw": "kr 201,52 per kg", "product_url": "https://kolonial.no/produkter/25910-oreo-oreo/", "kolonial_id": "25910"},
  {"category": "Potetchips og snacks", "category_list": ["Alle varer", "Snacks og godteri", "Potetchips og snacks"], "title": "Potetchips Classic Salt", "price": 22.8, "product_variant": "400 g", "quantity_info": [[400.0, "g"]], "image_url": "/media/uploads/public/257/248/156648-17fa7-product_list.jpg", "unit_price_raw": "kr 57,00 per kg", "product_url": "https://kolonial.no/produkter/7099-rema-1000-potetchips-classic-salt-400g/", "kolonial_id": "7099"},
  {"category": "Sjokolade", "category_list": ["Alle varer", "Snacks og godteri", "Sjokolade"], "title": "Melkerull 2pk", "price": 34.0, "product_variant": "148 g", "quantity_info": [[148.0, "g"]], "image_url": "/media/uploads/public/229/230/969430-45b23-product_list.jpg", "unit_price_raw": "kr 229,73 per kg", "product_url": "https://kolonial.no/produkter/18217-freia-melkerull-2pk/", "kolonial_id": "18217"},
  {"category": "Dessert", "category_list": ["Alle varer", "Is og desserter", "Dessert"], "title": "Panna Cotta", "price": 39.9, "product_variant": "Ekte Italiensk, 2 porsjoner, 220 g", "quantity_info": [[2.0, "porsjoner"], [220.0, "g"]], "image_url": "/media/uploads/public/153/70/1012870-4fcec-product_list.jpg", "unit_price_raw": "kr 181,36 per kg", "product_url": "https://kolonial.no/produkter/28101-panna-cotta-2x110g-022-kg/", "kolonial_id": "28101"},
  {"category": "Is i boks", "category_list": ["Alle varer", "Is og desserter", "Is i boks"], "title": "Pistasjis med Karamelliserte Mandler", "price": 49.0, "product_variant": "\u00d8kologisk, 0,5 l", "quantity_info": [[0.5, "l"]], "image_url": "/media/uploads/public/324/346/445546-bc4ec-product_list.jpg", "unit_price_raw": "kr 98,00 per l", "product_url": "https://kolonial.no/produkter/26204-kolonihagen-pistasjis-med-karamelliserte-mandler-o/", "kolonial_id": "26204"},
  {"category": "Kjeks", "category_list": ["Alle varer", "Kaker, kjeks og desserter", "Kjeks"], "title": "Oreo Crispy & Thin", "price": 20.9, "product_variant": "96 g", "quantity_info": [[96.0, "g"]], "image_url": "/media/uploads/public/305/210/370210-3cd63-product_list.jpg", "unit_price_raw": "kr 217,71 per kg", "product_url": "https://kolonial.no/produkter/25911-oreo-oreo-crispy-thin/", "kolonial_id": "25911"},
  {"category": "Kjeks", "category_list": ["Alle varer", "Kaker, kjeks og desserter", "Kjeks"], "title": "Oreo Crispy & Thin Sjokolade", "price": 26.9, "product_variant": "96 g", "quantity_info": [[96.0, "g"]], "image_url": "/media/uploads/public/142/324/973124-d5d08-product_list.jpg", "unit_price_raw": "kr 280,21 per kg", "product_url": "https://kolonial.no/produkter/27178-oreo-oreo-crispy-thin-sjokolade/", "kolonial_id": "27178"},
  {"category": "Sjokolade", "category_list": ["Alle varer", "Snacks og godteri", "Sjokolade"], "title": "Toblerone", "price": 15.9, "product_variant": "50 g", "quantity_info": [[50.0, "g"]], "image_url": "/media/uploads/public/89/312/973512-74aaa-product_list.jpg", "unit_price_raw": "kr 318,00 per kg", "product_url": "https://kolonial.no/produkter/27552-toblerone-toblerone/", "kolonial_id": "27552"},
  {"category": "Dessert", "category_list": ["Alle varer", "Is og desserter", "Dessert"], "title": "Bringeb\u00e6rmousse", "price": 24.9, "product_variant": "1 stk", "quantity_info": [[1.0, "stk"]], "image_url": "/media/uploads/public/23/219/616619-fdd96-product_list.jpg", "unit_price_raw": "kr 24,90 per stk", "product_url": "https://kolonial.no/produkter/26498-freia-bringebaermousse/", "kolonial_id": "26498"},
  {"category": "Is i boks", "category_list": ["Alle varer", "Is og desserter", "Is i boks"], "title": "Sjokoladeis med Kaffe & Chili", "price": 49.0, "product_variant": "\u00d8kologisk, 0,5 l", "quantity_info": [[0.5, "l"]], "image_url": "/media/uploads/public/133/351/445551-63f43-product_list.jpg", "unit_price_raw": "kr 98,00 per l", "product_url": "https://kolonial.no/produkter/26206-kolonihagen-sjokoladeis-med-kaffe-chili-okologisk/", "kolonial_id": "26206"},
  {"category": "Kjeks", "category_list": ["Alle varer", "Kaker, kjeks og desserter", "Kjeks"], "title": "Oreo Golden", "price": 30.8, "product_variant": "154 g", "quantity_info": [[154.0, "g"]], "image_url": "/media/uploads/public/126/207/370207-30506-product_list.jpg", "unit_price_raw": "kr 200,00 per kg", "product_url": "https://kolonial.no/produkter/25908-oreo-oreo-golden/", "kolonial_id": "25908"},
  {"category": "Is i boks", "category_list": ["Alle varer", "Is og desserter", "Is i boks"], "title": "Vaniljeis med Vanilje fra Madagaskar", "price": 49.0, "product_variant": "\u00d8kologisk, 0,5 l", "quantity_info": [[0.5, "l"]], "image_url": "/media/uploads/public/178/345/445545-7b63a-product_list.jpg", "unit_price_raw": "kr 98,00 per l", "product_url": "https://kolonial.no/produkter/26203-kolonihagen-vaniljeis-med-vanilje-fra-madagaskar-o/", "kolonial_id": "26203"},
  {"category": "Kjeks", "category_list": ["Alle varer", "Kaker, kjeks og desserter", "Kjeks"], "title": "Oreo Mini", "price": 29.4, "product_variant": "115 g", "quantity_info": [[115.0, "g"]], "image_url": "/media/uploads/public/212/208/370208-14823-product_list.jpg", "unit_price_raw": "kr 255,65 per kg", "product_url": "https://kolonial.no/produkter/25909-oreo-oreo-mini/", "kolonial_id": "25909"},
  {"category": "Kjeks", "category_list": ["Alle varer", "Kaker, kjeks og desserter", "Kjeks"], "title": "Ritz Breaks Original", "price": 26.7, "product_variant": "190 g", "quantity_info": [[190.0, "g"]], "image_url": "/media/uploads/public/380/203/370203-de893-product_list.jpg", "unit_price_raw": "kr 140,53 per kg", "product_url": "https://kolonial.no/produkter/25904-ritz-ritz-breaks-original/", "kolonial_id": "25904"},
  {"category": "Is i boks", "category_list": ["Alle varer", "Is og desserter", "Is i boks"], "title": "Jordb\u00e6ris med hint av Balsamico & Basilikum", "price": 49.0, "product_variant": "\u00d8kologisk, 0,5 l", "quantity_info": [[0.5, "l"]], "image_url": "/media/uploads/public/59/347/445547-ea07d-product_list.jpg", "unit_price_raw": "kr 98,00 per l", "product_url": "https://kolonial.no/produkter/26205-kolonihagen-jordbaeris-med-hint-av-balsamico-basil/", "kolonial_id": "26205"},
  {"category": "Is i boks", "category_list": ["Alle varer", "Is og desserter", "Is i boks"], "title": "Magnum Almond", "price": 69.9, "product_variant": "440 ml", "quantity_info": [[440.0, "ml"]], "image_url": "/media/uploads/public/160/205/986205-1e6a0-product_list.jpg", "unit_price_raw": "kr 158,86 per l", "product_url": "https://kolonial.no/produkter/27955-magnum-magnum-almond/", "kolonial_id": "27955"},
  {"category": "Kjeks", "category_list": ["Alle varer", "Kaker, kjeks og desserter", "Kjeks"], "title": "Ballerina Helt Kokos!", "price": 31.4, "product_variant": "190 g", "quantity_info": [[190.0, "g"]], "image_url": "/media/uploads/public/321/213/973813-ec428-product_list.jpg", "unit_price_raw": "kr 165,26 per kg", "product_url": "https://kolonial.no/produkter/27756-saetre-ballerina-helt-kokos/", "kolonial_id": "27756"},
  {"category": "Is i boks", "category_list": ["Alle varer", "Is og desserter", "Is i boks"], "title": "Magnum Classic", "price": 69.9, "product_variant": "440 ml", "quantity_info": [[440.0, "ml"]], "image_url": "/media/uploads/public/315/206/986206-adcb8-product_list.jpg", "unit_price_raw": "kr 158,86 per l", "product_url": "https://kolonial.no/produkter/27954-magnum-magnum-classic/", "kolonial_id": "27954"},
  {"category": "Is i boks", "category_list": ["Alle varer", "Is og desserter", "Is i boks"], "title": "Magnum White", "price": 69.9, "product_variant": "440 ml", "quantity_info": [[440.0, "ml"]], "image_url": "/media/uploads/public/74/261/987061-e0209-product_list.jpg", "unit_price_raw": "kr 158,86 per l", "product_url": "https://kolonial.no/produkter/27956-magnum-magnum-white/", "kolonial_id": "27956"},
  {"category": "Potetchips og snacks", "category_list": ["Alle varer", "Snacks og godteri", "Potetchips og snacks"], "title": "Bondens Potetchips Mexican", "price": 20.0, "product_variant": "200 g", "quantity_info": [[200.0, "g"]], "image_url": "/media/uploads/public/135/107/296107-30e33-product_list.jpg", "unit_price_raw": "kr 100,00 per kg", "product_url": "https://kolonial.no/produkter/25414-sorlandschips-bondens-potetchips-mexican/", "kolonial_id": "25414"},
  {"category": "Potetchips og snacks", "category_list": ["Alle varer", "Snacks og godteri", "Potetchips og snacks"], "title": "Bondens Potetchips Paprika", "price": 20.0, "product_variant": "200 g", "quantity_info": [[200.0, "g"]], "image_url": "/media/uploads/public/75/108/296108-9f9db-product_list.jpg", "unit_price_raw": "kr 100,00 per kg", "product_url": "https://kolonial.no/produkter/25413-sorlandschips-bondens-potetchips-paprika/", "kolonial_id": "25413"},
  {"category": "Potetchips og snacks", "category_list": ["Alle varer", "Snacks og godteri", "Potetchips og snacks"], "title": "Bondens Potetchips Salt", "price": 20.0, "product_variant": "200 g", "quantity_info": [[200.0, "g"]], "image_url": "/media/uploads/public/76/109/296109-61f28-product_list.jpg", "unit_price_raw": "kr 100,00 per kg", "product_url": "https://kolonial.no/produkter/25412-sorlandschips-bondens-potetchips-salt/", "kolonial_id": "25412"},
  {"category": "Sjokolade", "category_list": ["Alle varer", "Snacks og godteri", "Sjokolade"], "title": "M\u00f8rk Melkesjokolade", "price": 39.9, "product_variant": "100 g", "quantity_info": [[100.0, "g"]], "image_url": "/media/uploads/public/218/105/973305-8501c-product_list.jpg", "unit_price_raw": "kr 399,00 per kg", "product_url": "https://kolonial.no/produkter/27283-vill-mork-melkesjokolade/", "kolonial_id": "27283"},
  {"category": "Potetchips og snacks", "category_list": ["Alle varer", "Snacks og godteri", "Potetchips og snacks"], "title": "Prima Popcorn", "price": 6.9, "product_variant": "100 g", "quantity_info": [[100.0, "g"]], "image_url": "/media/uploads/public/51/378/509178-118f2-product_list.jpg", "unit_price_raw": "kr 69,00 per kg", "product_url": "https://kolonial.no/produkter/26272-prima-prima-popcorn/", "kolonial_id": "26272"},
  {"category": "Sjokolade", "category_list": ["Alle varer", "Snacks og godteri", "Sjokolade"], "title": "M\u00f8rk Melkesjokolade Hasseln\u00f8tt", "price": 42.9, "product_variant": "100 g", "quantity_info": [[100.0, "g"]], "image_url": "/media/uploads/public/205/122/973322-fc9f4-product_list.jpg", "unit_price_raw": "kr 429,00 per kg", "product_url": "https://kolonial.no/produkter/27284-vill-mork-melkesjokolade-hasselnott/", "kolonial_id": "27284"},
  {"category": "Sjokolade", "category_list": ["Alle varer", "Snacks og godteri", "Sjokolade"], "title": "Nidar Favoritter Polly Turmiks", "price": 68.9, "product_variant": "300 g", "quantity_info": [[300.0, "g"]], "image_url": "/media/uploads/public/89/80/975680-e5ae6-product_list.jpg", "unit_price_raw": "kr 229,67 per kg", "product_url": "https://kolonial.no/produkter/27898-nidar-nidar-favoritter-polly-turmiks/", "kolonial_id": "27898"},
  {"category": "Kjeks", "category_list": ["Alle varer", "Kaker, kjeks og desserter", "Kjeks"], "title": "Digestive Fullkorn", "price": 32.9, "product_variant": "400 g", "quantity_info": [[400.0, "g"]], "image_url": "/media/uploads/public/305/15/980815-9e464-product_list.jpg", "unit_price_raw": "kr 82,25 per kg", "product_url": "https://kolonial.no/produkter/27950-saetre-digestive-fullkorn/", "kolonial_id": "27950"},
  {"category": "Sjokolade", "category_list": ["Alle varer", "Snacks og godteri", "Sjokolade"], "title": "Troika Favoritter", "price": 52.9, "product_variant": "300 g", "quantity_info": [[300.0, "g"]], "image_url": "/media/uploads/public/1/237/977037-d8d61-product_list.jpg", "unit_price_raw": "kr 176,33 per kg", "product_url": "https://kolonial.no/produkter/256-nidar-troika-favoritter-300g/", "kolonial_id": "256"},
  {"category": "Sjokolade", "category_list": ["Alle varer", "Snacks og godteri", "Sjokolade"], "title": "Nidar Favoritter Stratos", "price": 61.8, "product_variant": "300 g", "quantity_info": [[300.0, "g"]], "image_url": "/media/uploads/public/331/246/977046-aa10b-product_list.jpg", "unit_price_raw": "kr 206,00 per kg", "product_url": "https://kolonial.no/produkter/5869-nidar-nidar-favoritter-stratos-300g/", "kolonial_id": "5869"},
  {"category": "Kjeks", "category_list": ["Alle varer", "Kaker, kjeks og desserter", "Kjeks"], "title": "TUC Sweet Chili", "price": 18.7, "product_variant": "100 g", "quantity_info": [[100.0, "g"]], "image_url": "/media/uploads/public/156/160/973760-700c6-product_list.jpg", "unit_price_raw": "kr 187,00 per kg", "product_url": "https://kolonial.no/produkter/27662-tuc-tuc-sweet-chili/", "kolonial_id": "27662"},
  {"category": "Sjokolade", "category_list": ["Alle varer", "Snacks og godteri", "Sjokolade"], "title": "Risbr\u00f8d", "price": 61.3, "product_variant": "290 g", "quantity_info": [[290.0, "g"]], "image_url": "/media/uploads/public/164/28/968428-7608e-product_list.jpg", "unit_price_raw": "kr 211,38 per kg", "product_url": "https://kolonial.no/produkter/15675-minde-risbrod/", "kolonial_id": "15675"},
  {"category": "Sjokolade", "category_list": ["Alle varer", "Snacks og godteri", "Sjokolade"], "title": "M Partysize", "price": 48.0, "product_variant": "180 g", "quantity_info": [[180.0, "g"]], "image_url": "/media/uploads/public/388/139/973739-1713b-product_list.jpg", "unit_price_raw": "kr 266,67 per kg", "product_url": "https://kolonial.no/produkter/7348-freia-m-partysize-200g/", "kolonial_id": "7348"},
  {"category": "Sjokolade", "category_list": ["Alle varer", "Snacks og godteri", "Sjokolade"], "title": "Non Stop Melkesjokolade", "price": 47.4, "product_variant": "180 g", "quantity_info": [[180.0, "g"]], "image_url": "/media/uploads/public/382/252/973852-294f8-product_list.jpg", "unit_price_raw": "kr 263,33 per kg", "product_url": "https://kolonial.no/produkter/7357-freia-non-stop-melkesjokolade-225g/", "kolonial_id": "7357"},
  {"category": "Sjokolade", "category_list": ["Alle varer", "Snacks og godteri", "Sjokolade"], "title": "Toffin Classic", "price": 45.9, "product_variant": "140 g", "quantity_info": [[140.0, "g"]], "image_url": "/media/uploads/public/291/91/973691-57db7-product_list.jpg", "unit_price_raw": "kr 327,86 per kg", "product_url": "https://kolonial.no/produkter/10861-freia-toffin-classic-190g/", "kolonial_id": "10861"},
  {"category": "Sjokolade", "category_list": ["Alle varer", "Snacks og godteri", "Sjokolade"], "title": "Dumle Original", "price": 59.3, "product_variant": "190 g", "quantity_info": [[190.0, "g"]], "image_url": "/media/uploads/public/0/381/15181-1ab03-product_list.jpg", "unit_price_raw": "kr 312,11 per kg", "product_url": "https://kolonial.no/produkter/10909-fazer-dumle-original-190g/", "kolonial_id": "10909"},
  {"category": "Sjokolade", "category_list": ["Alle varer", "Snacks og godteri", "Sjokolade"], "title": "Premium Fylt Marsipan", "price": 49.7, "product_variant": "150 g", "quantity_info": [[150.0, "g"]], "image_url": "/media/uploads/public/240/130/964530-2e48d-product_list.jpg", "unit_price_raw": "kr 331,33 per kg", "product_url": "https://kolonial.no/produkter/14350-freia-premium-fylt-marsipan-150g/", "kolonial_id": "14350"},
  {"category": "Sjokolade", "category_list": ["Alle varer", "Snacks og godteri", "Sjokolade"], "title": "Pops Original", "price": 54.4, "product_variant": "210 g", "quantity_info": [[210.0, "g"]], "image_url": "/media/uploads/public/63/383/971983-cecec-product_list.jpg", "unit_price_raw": "kr 259,05 per kg", "product_url": "https://kolonial.no/produkter/7420-coletta-pops-original-200g/", "kolonial_id": "7420"},
  {"category": "Sjokolade", "category_list": ["Alle varer", "Snacks og godteri", "Sjokolade"], "title": "Premium Perler Bringeb\u00e6r", "price": 39.9, "product_variant": "120 g", "quantity_info": [[120.0, "g"]], "image_url": "/media/uploads/public/180/83/975683-5b540-product_list.jpg", "unit_price_raw": "kr 332,50 per kg", "product_url": "https://kolonial.no/produkter/27889-freia-premium-perler-bringebaer/", "kolonial_id": "27889"},
  {"category": "Sjokolade", "category_list": ["Alle varer", "Snacks og godteri", "Sjokolade"], "title": "Premium Perler Appelsin", "price": 39.9, "product_variant": "120 g", "quantity_info": [[120.0, "g"]], "image_url": "/media/uploads/public/270/84/975684-fd284-product_list.jpg", "unit_price_raw": "kr 332,50 per kg", "product_url": "https://kolonial.no/produkter/27890-freia-premium-perler-appelsin/", "kolonial_id": "27890"},
  {"category": "Sjokolade", "category_list": ["Alle varer", "Snacks og godteri", "Sjokolade"], "title": "Premium Dark Hasseln\u00f8tt", "price": 21.0, "product_variant": "45 g", "quantity_info": [[45.0, "g"]], "image_url": "/media/uploads/public/171/316/973516-8a094-product_list.jpg", "unit_price_raw": "kr 466,67 per kg", "product_url": "https://kolonial.no/produkter/27550-freia-premium-dark-hasselnott/", "kolonial_id": "27550"},
  {"category": "Sjokolade", "category_list": ["Alle varer", "Snacks og godteri", "Sjokolade"], "title": "Premium Dark", "price": 21.5, "product_variant": "47 g", "quantity_info": [[47.0, "g"]], "image_url": "/media/uploads/public/388/7/973207-29806-product_list.jpg", "unit_price_raw": "kr 457,45 per kg", "product_url": "https://kolonial.no/produkter/27177-freia-premium-dark/", "kolonial_id": "27177"},
  {"category": "Sjokolade", "category_list": ["Alle varer", "Snacks og godteri", "Sjokolade"], "title": "Premium Petit M\u00f8rk", "price": 39.9, "product_variant": "Pose, 158 g", "quantity_info": [[158.0, "g"]], "image_url": "/media/uploads/public/45/341/963541-7c524-product_list.jpg", "unit_price_raw": "kr 252,53 per kg", "product_url": "https://kolonial.no/produkter/27891-freia-premium-petit-mork-pose/", "kolonial_id": "27891"},
  {"category": "Sjokolade", "category_list": ["Alle varer", "Snacks og godteri", "Sjokolade"], "title": "Premium Fylt Kokos", "price": 50.8, "product_variant": "150 g", "quantity_info": [[150.0, "g"]], "image_url": "/media/uploads/public/282/381/967981-98b9b-product_list.jpg", "unit_price_raw": "kr 338,67 per kg", "product_url": "https://kolonial.no/produkter/12526-freia-premium-fylt-kokos-150g/", "kolonial_id": "12526"},
  {"category": "Sjokolade", "category_list": ["Alle varer", "Snacks og godteri", "Sjokolade"], "title": "Premium Mandel & Appelsin", "price": 66.1, "product_variant": "180 g", "quantity_info": [[180.0, "g"]], "image_url": "/media/uploads/public/300/397/971197-c0dd6-product_list.jpg", "unit_price_raw": "kr 367,22 per kg", "product_url": "https://kolonial.no/produkter/23372-freia-premium-mandel-appelsin/", "kolonial_id": "23372"},
  {"category": "Sjokolade", "category_list": ["Alle varer", "Snacks og godteri", "Sjokolade"], "title": "Premium Traneb\u00e6r & Pekan", "price": 64.2, "product_variant": "180 g", "quantity_info": [[180.0, "g"]], "image_url": "/media/uploads/public/136/390/971190-8ca28-product_list.jpg", "unit_price_raw": "kr 356,67 per kg", "product_url": "https://kolonial.no/produkter/23371-freia-premium-tranebaer-pekan/", "kolonial_id": "23371"},
  {"category": "Sjokolade", "category_list": ["Alle varer", "Snacks og godteri", "Sjokolade"], "title": "Premium Dark 70% Cocoa", "price": 45.0, "product_variant": "100 g", "quantity_info": [[100.0, "g"]], "image_url": "/media/uploads/public/200/174/964574-3c3f1-product_list.jpg", "unit_price_raw": "kr 450,00 per kg", "product_url": "https://kolonial.no/produkter/1738-freia-premium-dark-70-cocoa/", "kolonial_id": "1738"},
  {"category": "Sjokolade", "category_list": ["Alle varer", "Snacks og godteri", "Sjokolade"], "title": "Premium Dark 86% Cocoa", "price": 45.9, "product_variant": "100 g", "quantity_info": [[100.0, "g"]], "image_url": "/media/uploads/public/335/188/964588-3d501-product_list.jpg", "unit_price_raw": "kr 459,00 per kg", "product_url": "https://kolonial.no/produkter/1717-freia-premium-dark-86-cocoa/", "kolonial_id": "1717"},
  {"category": "Sjokolade", "category_list": ["Alle varer", "Snacks og godteri", "Sjokolade"], "title": "Premium 70% Bringeb\u00e6r", "price": 43.0, "product_variant": "100 g", "quantity_info": [[100.0, "g"]], "image_url": "/media/uploads/public/271/396/969596-8b7e9-product_list.jpg", "unit_price_raw": "kr 430,00 per kg", "product_url": "https://kolonial.no/produkter/18502-freia-premium-70-bringebaer/", "kolonial_id": "18502"},
  {"category": "Sjokolade", "category_list": ["Alle varer", "Snacks og godteri", "Sjokolade"], "title": "Premium 70% Pekan & Havsalt", "price": 42.2, "product_variant": "100 g", "quantity_info": [[100.0, "g"]], "image_url": "/media/uploads/public/5/109/968109-21cf0-product_list.jpg", "unit_price_raw": "kr 422,00 per kg", "product_url": "https://kolonial.no/produkter/14272-freia-premium-70-pekan-havsalt-100g/", "kolonial_id": "14272"},
  {"category": "Sjokolade", "category_list": ["Alle varer", "Snacks og godteri", "Sjokolade"], "title": "Hvit Sjokolade", "price": 27.1, "product_variant": "100 g", "quantity_info": [[100.0, "g"]], "image_url": "/media/uploads/public/186/321/973121-56dbf-product_list.jpg", "unit_price_raw": "kr 271,00 per kg", "product_url": "https://kolonial.no/produkter/14281-freia-hvit-sjokolade-100g/", "kolonial_id": "14281"},
  {"category": "Sjokolade", "category_list": ["Alle varer", "Snacks og godteri", "Sjokolade"], "title": "Melkesjokolade", "price": 42.5, "product_variant": "100 g", "quantity_info": [[100.0, "g"]], "image_url": "/media/uploads/public/170/189/968589-2b8c2-product_list.jpg", "unit_price_raw": "kr 425,00 per kg", "product_url": "https://kolonial.no/produkter/15996-cloetta-melkesjokolade/", "kolonial_id": "15996"},
  {"category": "Sjokolade", "category_list": ["Alle varer", "Snacks og godteri", "Sjokolade"], "title": "Belgian Harvest Milk", "price": 34.9, "product_variant": "200 g", "quantity_info": [[200.0, "g"]], "image_url": "/media/uploads/public/306/234/970634-57340-product_list.jpg", "unit_price_raw": "kr 174,50 per kg", "product_url": "https://kolonial.no/produkter/21868-belgian-harvest-milk/", "kolonial_id": "21868"},
  {"category": "Sjokolade", "category_list": ["Alle varer", "Snacks og godteri", "Sjokolade"], "title": "Toppris Sm\u00e5biter", "price": 36.9, "product_variant": "140 g", "quantity_info": [[140.0, "g"]], "image_url": "/media/uploads/public/28/293/973093-ee811-product_list.jpg", "unit_price_raw": "kr 263,57 per kg", "product_url": "https://kolonial.no/produkter/27549-freia-toppris-smabiter/", "kolonial_id": "27549"},
  {"category": "Sjokolade", "category_list": ["Alle varer", "Snacks og godteri", "Sjokolade"], "title": "Daim Sm\u00e5biter", "price": 29.9, "product_variant": "145 g", "quantity_info": [[145.0, "g"]], "image_url": "/media/uploads/public/399/232/370232-8b233-product_list.jpg", "unit_price_raw": "kr 206,21 per kg", "product_url": "https://kolonial.no/produkter/25888-freia-daim-smabiter/", "kolonial_id": "25888"},
  {"category": "Sjokolade", "category_list": ["Alle varer", "Snacks og godteri", "Sjokolade"], "title": "Japp sm\u00e5biter", "price": 30.8, "product_variant": "150 g", "quantity_info": [[150.0, "g"]], "image_url": "/media/uploads/public/292/290/373890-d33b7-product_list.jpg", "unit_price_raw": "kr 205,33 per kg", "product_url": "https://kolonial.no/produkter/25713-freia-japp-smabiter/", "kolonial_id": "25713"},
  {"category": "Sjokolade", "category_list": ["Alle varer", "Snacks og godteri", "Sjokolade"], "title": "Bridge Blanding", "price": 54.9, "product_variant": "180 g", "quantity_info": [[180.0, "g"]], "image_url": "/media/uploads/public/74/390/968790-d122e-product_list.jpg", "unit_price_raw": "kr 305,00 per kg", "product_url": "https://kolonial.no/produkter/27512-cloetta-bridge-blanding/", "kolonial_id": "27512"},
  {"category": "Sjokolade", "category_list": ["Alle varer", "Snacks og godteri", "Sjokolade"], "title": "Firkl\u00f8ver Mini", "price": 12.0, "product_variant": "24 g", "quantity_info": [[24.0, "g"]], "image_url": "/media/uploads/public/191/329/971929-dd63f-product_list.jpg", "unit_price_raw": "kr 500,00 per kg", "product_url": "https://kolonial.no/produkter/24484-freia-firklover-mini/", "kolonial_id": "24484"},
  {"category": "Sjokolade", "category_list": ["Alle varer", "Snacks og godteri", "Sjokolade"], "title": "Smash! App App App", "price": 19.8, "product_variant": "34 g", "quantity_info": [[34.0, "g"]], "image_url": "/media/uploads/public/21/78/972078-3a337-product_list.jpg", "unit_price_raw": "kr 582,35 per kg", "product_url": "https://kolonial.no/produkter/25308-nidar-smash-app-app-app/", "kolonial_id": "25308"},
  {"category": "Sjokolade", "category_list": ["Alle varer", "Snacks og godteri", "Sjokolade"], "title": "Anthon Berg Marsipanbr\u00f8d", "price": 11.3, "product_variant": "25 g", "quantity_info": [[25.0, "g"]], "image_url": "/media/uploads/public/265/172/370172-d2ab5-product_list.jpg", "unit_price_raw": "kr 452,00 per kg", "product_url": "https://kolonial.no/produkter/25876-anthon-berg-anthon-berg-marsipanbrod/", "kolonial_id": "25876"},
  {"category": "Sjokolade", "category_list": ["Alle varer", "Snacks og godteri", "Sjokolade"], "title": "Daim Mini", "price": 12.3, "product_variant": "28 g", "quantity_info": [[28.0, "g"]], "image_url": "/media/uploads/public/290/224/370224-4d551-product_list.jpg", "unit_price_raw": "kr 439,29 per kg", "product_url": "https://kolonial.no/produkter/25925-freia-daim-mini/", "kolonial_id": "25925"},
  {"category": "Sjokolade", "category_list": ["Alle varer", "Snacks og godteri", "Sjokolade"], "title": "Melkesjokolade med Oreo Rull", "price": 25.3, "product_variant": "67 g", "quantity_info": [[67.0, "g"]], "image_url": "/media/uploads/public/113/225/370225-d809d-product_list.jpg", "unit_price_raw": "kr 377,61 per kg", "product_url": "https://kolonial.no/produkter/25926-freia-melkesjokolade-med-oreo-rull/", "kolonial_id": "25926"},
  {"category": "Sjokolade", "category_list": ["Alle varer", "Snacks og godteri", "Sjokolade"], "title": "Firkl\u00f8ver", "price": 23.3, "product_variant": "60 g", "quantity_info": [[60.0, "g"]], "image_url": "/media/uploads/public/66/230/370230-48bd5-product_list.jpg", "unit_price_raw": "kr 388,33 per kg", "product_url": "https://kolonial.no/produkter/25931-freia-firklover/", "kolonial_id": "25931"},
  {"category": "Sjokolade", "category_list": ["Alle varer", "Snacks og godteri", "Sjokolade"], "title": "Vill N\u00f8ttebar", "price": 20.9, "product_variant": "0,04 kg", "quantity_info": [[0.04, "kg"]], "image_url": "/media/uploads/public/3/17/980817-d06a6-product_list.jpg", "unit_price_raw": "kr 522,50 per kg", "product_url": "https://kolonial.no/produkter/27952-vill-vill-nottebar/", "kolonial_id": "27952"},
  {"category": "Sjokolade", "category_list": ["Alle varer", "Snacks og godteri", "Sjokolade"], "title": "Fruktsjokolade Eple", "price": 56.6, "product_variant": "120 g", "quantity_info": [[120.0, "g"]], "image_url": "/media/uploads/public/97/298/373898-4a61a-product_list.jpg", "unit_price_raw": "kr 471,67 per kg", "product_url": "https://kolonial.no/produkter/25651-loiten-fruktsjokolade-eple/", "kolonial_id": "25651"},
  {"category": "Sjokolade", "category_list": ["Alle varer", "Snacks og godteri", "Sjokolade"], "title": "Fruktsjokolade Jordb\u00e6r", "price": 56.6, "product_variant": "Hvit Sjokolade, 110 g", "quantity_info": [[110.0, "g"]], "image_url": "/media/uploads/public/211/302/373902-23174-product_list.jpg", "unit_price_raw": "kr 514,55 per kg", "product_url": "https://kolonial.no/produkter/25649-loiten-fruktsjokolade-jordbaer-hvit-sjokolade/", "kolonial_id": "25649"},
  {"category": "Sjokolade", "category_list": ["Alle varer", "Snacks og godteri", "Sjokolade"], "title": "Fruktsjokolade Kirseb\u00e6r", "price": 56.6, "product_variant": "150 g", "quantity_info": [[150.0, "g"]], "image_url": "/media/uploads/public/193/300/373900-a8907-product_list.jpg", "unit_price_raw": "kr 377,33 per kg", "product_url": "https://kolonial.no/produkter/25648-loiten-fruktsjokolade-kirsebaer/", "kolonial_id": "25648"},
  {"category": "Sjokolade", "category_list": ["Alle varer", "Snacks og godteri", "Sjokolade"], "title": "Japp Mini", "price": 12.3, "product_variant": "30 g", "quantity_info": [[30.0, "g"]], "image_url": "/media/uploads/public/371/223/370223-4f7ac-product_list.jpg", "unit_price_raw": "kr 410,00 per kg", "product_url": "https://kolonial.no/produkter/25924-freia-japp-mini/", "kolonial_id": "25924"},
  {"category": "Sjokolade", "category_list": ["Alle varer", "Snacks og godteri", "Sjokolade"], "title": "Kvikk Lunsj Mini", "price": 10.2, "product_variant": "24 g", "quantity_info": [[24.0, "g"]], "image_url": "/media/uploads/public/344/314/507514-4099f-product_list.jpg", "unit_price_raw": "kr 425,00 per kg", "product_url": "https://kolonial.no/produkter/26236-freia-kvikk-lunsj-mini/", "kolonial_id": "26236"},
  {"category": "Sjokolade", "category_list": ["Alle varer", "Snacks og godteri", "Sjokolade"], "title": "Monolit", "price": 19.5, "product_variant": "60 g", "quantity_info": [[60.0, "g"]], "image_url": "/media/uploads/public/77/220/370220-30b51-product_list.jpg", "unit_price_raw": "kr 325,00 per kg", "product_url": "https://kolonial.no/produkter/25921-freia-monolit/", "kolonial_id": "25921"},
  {"category": "Sjokolade", "category_list": ["Alle varer", "Snacks og godteri", "Sjokolade"], "title": "Toppris Mini", "price": 12.3, "product_variant": "30 g", "quantity_info": [[30.0, "g"]], "image_url": "/media/uploads/public/108/221/370221-cdd19-product_list.jpg", "unit_price_raw": "kr 410,00 per kg", "product_url": "https://kolonial.no/produkter/25922-freia-toppris-mini/", "kolonial_id": "25922"},
  {"category": "Sjokolade", "category_list": ["Alle varer", "Snacks og godteri", "Sjokolade"], "title": "Premium \u00d8kologisk Dark 70%", "price": 37.9, "product_variant": "90 g", "quantity_info": [[90.0, "g"]], "image_url": "/media/uploads/public/139/216/616616-56ceb-product_list.jpg", "unit_price_raw": "kr 421,11 per kg", "product_url": "https://kolonial.no/produkter/26495-freia-premium-okologisk-dark-70/", "kolonial_id": "26495"},
  {"category": "Sjokolade", "category_list": ["Alle varer", "Snacks og godteri", "Sjokolade"], "title": "Premium \u00d8kologisk Havsalt", "price": 37.9, "product_variant": "90 g", "quantity_info": [[90.0, "g"]], "image_url": "/media/uploads/public/25/217/616617-3a9c6-product_list.jpg", "unit_price_raw": "kr 421,11 per kg", "product_url": "https://kolonial.no/produkter/26496-freia-premium-okologisk-havsalt/", "kolonial_id": "26496"},
  {"category": "Sjokolade", "category_list": ["Alle varer", "Snacks og godteri", "Sjokolade"], "title": "Marsipansjokolade Hjerteformet", "price": 56.6, "product_variant": "150 g", "quantity_info": [[150.0, "g"]], "image_url": "/media/uploads/public/399/295/373895-53584-product_list.jpg", "unit_price_raw": "kr 377,33 per kg", "product_url": "https://kolonial.no/produkter/25647-loiten-marsipansjokolade-hjerteformet/", "kolonial_id": "25647"},
  {"category": "Sjokolade", "category_list": ["Alle varer", "Snacks og godteri", "Sjokolade"], "title": "Toblerone Tiny Mix Sylinder", "price": 258.4, "product_variant": "904 g", "quantity_info": [[904.0, "g"]], "image_url": "/media/uploads/public/185/315/367115-fbfcb-product_list.jpg", "unit_price_raw": "kr 285,84 per kg", "product_url": "https://kolonial.no/produkter/25714-toblerone-toblerone-tiny-mix-sylinder/", "kolonial_id": "25714"},
  {"category": "Sjokolade", "category_list": ["Alle varer", "Snacks og godteri", "Sjokolade"], "title": "Twist Sylinder", "price": 356.0, "product_variant": "1,5 kg", "quantity_info": [[1.5, "kg"]], "image_url": "/media/uploads/public/88/85/367685-a754d-product_list.jpg", "unit_price_raw": "kr 237,33 per kg", "product_url": "https://kolonial.no/produkter/25716-freia-twist-sylinder/", "kolonial_id": "25716"},
  {"category": "Sjokolade", "category_list": ["Alle varer", "Snacks og godteri", "Sjokolade"], "title": "Daim Sylinder", "price": 618.9, "product_variant": "2,5 kg", "quantity_info": [[2.5, "kg"]], "image_url": "/media/uploads/public/282/316/367116-26631-product_list.jpg", "unit_price_raw": "kr 247,56 per kg", "product_url": "https://kolonial.no/produkter/25715-freia-daim-sylinder/", "kolonial_id": "25715"},
  {"category": "Sjokolade", "category_list": ["Alle varer", "Snacks og godteri", "Sjokolade"], "title": "Kvikk Lunsj 6-pk", "price": 61.5, "product_variant": "282 g", "quantity_info": [[282.0, "g"]], "image_url": "/media/uploads/public/390/143/1009343-9e574-product_list.jpg", "unit_price_raw": "kr 218,09 per kg", "product_url": "https://kolonial.no/produkter/28067-freia-kvikk-lunsj-6-pk/", "kolonial_id": "28067"}
  ]